2975 4392
663 258 861 321 ..9-

227 433 257 498 τί
279 435 301 518 η
326 456 376 520 μοι
399 444 499 500 ταῦτα
521 432 732 520 παρηγορέεις
753 433 877 520 ἀχέοντι
900 440 933 499 et
954 434 1006 501 ib:
1017 436 1058 499 64
1082 434 1168 521 μάλα
1190 435 1293 499 πολλὰ

227 539 481 632 παρηγορέοντες
511 541 543 618 ἐς
567 539 677 624 ἀλκήν.
724 540 831 607 Aliter
854 561 932 607 varo
961 542 1222 628 interpretandus
1245 549 1294 607 est

226 649 316 713 locus
337 647 389 713 IV
416 650 500 713 1410
524 650 579 726 τάς
605 669 648 714 sc.
669 648 793 733 νύμφας
820 669 875 733 σφι
897 648 1141 734 παρηγορέεσκε
1163 650 1290 736 λιτῇσιν.

227 754 360 821 Vertus:
388 754 1148 842 „nymphasprecibussibipropitiasreddiclit“.
1170 755 1292 822 Oohor·

226 860 320 935 tendi
346 861 613 946 significationem
642 870 839 947 παρηγορεῖν
867 861 999 928 exhibet
1028 862 1174 929 absoluta
1201 884 1292 928 naur-

225 974 337 1054 patum
359 968 395 1032 Π
421 971 505 1032 1106
529 970 600 1034 ἴσκε
623 966 832 1054 παρηγορέων
864 975 897 1035 st
919 968 972 1033 HI
996 971 1071 1035 803.
1104 1008 1145 1017 -
1177 979 1292 1054 φωνεῖν

226 1075 312 1161 apud
331 1074 428 1142 Hom.
453 1097 518 1142 acc.
544 1076 607 1143 obi.
632 1096 697 1142 non
720 1076 836 1163 recipit
860 1113 900 1124 -
925 1096 1000 1141 nam
1023 1097 1049 1140 ω
1073 1079 1147 1159 535,
1171 1074 1291 1160 Bran,
1348 1062 1349 1065 ¹

226 1181 257 1245 K
280 1184 356 1266 512,
379 1181 403 1245 Υ
427 1185 492 1248 380
514 1182 688 1249 accusativi
710 1182 881 1268 appositivi
909 1183 1070 1247 statuendi
1093 1189 1167 1247 sunt
1190 1221 1232 1230 -
1256 1189 1292 1247 ut

224 1291 259 1353 in
274 1289 354 1375 Arg.
374 1288 427 1354 HI
452 1293 515 1356 673
540 1287 684 1374 φώνησέν
709 1310 767 1374 μιν.
808 1289 910 1368 Quem
933 1309 1027 1354 nsum
1043 1291 1182 1374 primum
1204 1290 1291 1375 apud

226 1396 417 1482 Sophoclem
439 1398 568 1479 inveni3
593 1397 632 1462 cf.
649 1395 701 1462 Αἰ.
718 1397 762 1460 73
778 1394 900 1460 Αἴαντα
915 1405 1019 1479 φωνῶ.
1039 1435 1080 1444 -
1098 1406 1290 1481 μεταφωνεῖν

224 1503 287 1588 Ap.
312 1503 376 1569 dat.
401 1503 507 1589 iungit
538 1503 573 1567 Π
604 1504 668 1571 208
698 1508 732 1568 et
761 1505 821 1567 431
857 1499 900 1586 (Η
923 1505 987 1567 384
1012 1503 1082 1586 al),
1116 1503 1291 1568 insolenter

224 1614 332 1674 autam
364 1630 429 1676 aco.
457 1631 615 1696 personae
647 1609 664 1674 I
700 1611 764 1674 702
797 1607 935 1692 Ἰφινόην
967 1609 1159 1695 μετεφώνεεν
1192 1611 1290 1674 ἆσσον

225 1716 348 1799 έοῦσαν,
365 1723 399 1782 et
414 1738 480 1783 acc.
497 1718 545 1783 rei
560 1717 577 1781 I
597 1719 679 1781 1287
698 1718 772 1780 οὔτε
788 1737 816 1779 τι
831 1724 918 1781 τοῖον
935 1716 1010 1792 ἔπος
1026 1715 1228 1801 μετεφώνεεν.
1248 1755 1288 1763 -

223 1823 334 1889 Verbo
357 1823 484 1910 χρείειν,
517 1824 603 1911 quod
626 1822 723 1889 Hom.
749 1822 895 1888 absolute
924 1828 1060 1908 usurpat
1090 1821 1128 1909 (a
1152 1824 1217 1907 70),
1248 1824 1289 1888 ab

224 1928 287 2017 Ap.
311 1950 377 1997 aco.
402 1931 465 1996 obi.
489 1930 620 2006 additur
642 1929 677 1994 ll
705 1931 766 1994 182
794 1927 908 2015 χρείων
932 1929 1089 2013 ἀτρεκέως
1113 1929 1195 2014 ἱερὸν
1218 1929 1290 1995 νύον

224 2036 435 2121 ἀνθρώποισιν
464 2038 518 2121 (cf.
543 2037 651 2122 hymn.
676 2036 710 2101 in
733 2037 795 2123 Ap.
825 2039 901 2118 132;
933 2036 1011 2102 Eur.
1036 2037 1107 2102 Ion.
1133 2038 1197 2103 682
1221 2038 1287 2123 ολ).

313 2144 535 2210 παλάσσεσθαι
550 2144 716 2209 transitive
732 2144 863 2230 ponitur
878 2144 895 2208 I
912 2146 975 2208 358
998 2144 1191 2229 πεπάλαχθε
1206 2147 1290 2209 κατὰ

224 2251 359 2336 κληῖδας
383 2252 508 2338 ἐρετμά,
533 2253 607 2316 intr.
632 2250 838 2337 apudHom.
863 2248 892 2313 H
918 2253 977 2315 171
1005 2252 1045 2316 al.

313 2359 498 2445 ἐπιστοβεῖν,
523 2358 622 2425 verbo
643 2378 787 2445 perraro,
811 2357 873 2444 Ap
891 2359 1109 2423 accusativum
1125 2358 1223 2423 adicit
1237 2358 1290 2423 ΙΠ

224 2469 288 2532 663
305 2465 348 2552 μή
373 2489 421 2553 μιν
436 2444 668 2552 κερτομέουσαι
687 2463 891 2551 ἐπιστοβέωσι
906 2486 1064 2550 γυναικες,
1089 2471 1121 2530 et
1136 2465 1185 2532 IV
1204 2469 1288 2593 1725

223 2577 278 2651 τας
301 2574 330 2639 δ
353 2574 496 2660 αἰσχροῖς
520 2574 623 2658 ἥρωες
647 2571 887 2657 έπιστοβέεσκον
912 2573 1045 2637 ἔπεσσιν

311 2679 476 2767 Apollonii
500 2680 648 2765 proprius
669 2686 717 2744 est
741 2700 818 2744 usus
837 2679 929 2744 verbi
954 2678 1179 2763 ἀναφέρεσθαι,
1201 2680 1289 2765 quod

223 2810 295 2854 cum
324 2809 390 2854 acc.
423 2788 525 2872 μῦθον
551 2793 588 2857 ¹et
620 2784 726 2872 φωνήν
752 2787 957 2852 coniunctum
981 2806 1110 2851 sensum
1134 2786 1290 2871 ,loquendi

222 2897 352 2981 accipit3
381 2895 421 2960 ol.
445 2894 498 2959 HI
522 2896 586 2959 463
611 2900 644 2958 et
667 2897 741 2960 635.
788 2893 947 2959 Absolute
976 2893 1168 2958 collocatum
1190 2893 1288 2978 signi-

220 3003 296 3068 ficat
320 3001 555 3088 „respondere“
581 3000 631 3065 IV
649 3002 732 3065 1748
758 3000 938 3066 ἀνενείκατο
964 2999 1111 3083 φώνησέν
1134 3022 1178 3082 τε,
1203 3001 1288 3086 apud

220 3109 317 3175 Hom.
349 3115 457 3178 autem
489 3108 645 3193 „gemitus
669 3107 785 3172 ederet
818 3105 844 3171 T
876 3110 939 3172 714
971 3107 1081 3184 ἀδινώς
1109 3106 1287 3174 ἀνενείκατο

223 3213 368 3301 φώνησέν
391 3238 434 3283 τε.

311 3324 469 3409 μύρεσθαι
501 3344 565 3389 acc.
600 3322 663 3388 obi.
696 3322 795 3393 habet
826 3323 879 3388 III
911 3326 974 3389 656
1009 3325 1115 3409 νύμφη
1149 3323 1287 3408 ύαλερὸν

221 3431 310 3497 πύσιν
327 3431 458 3516 μύρεται
480 3437 514 3498 et
528 3431 578 3496 IV
596 3433 679 3496 1535
696 3430 790 3497 νέκυν
806 3431 978 3518 μυρόμενοι
998 3429 1051 3517 (cf.
1068 3432 1161 3498 Bion.
1183 3435 1210 3514 1,
1227 3435 1287 3514 68;

220 3538 340 3606 Mosch.
366 3541 396 3621 3,
422 3542 473 3622 74,
498 3538 573 3626 91);
597 3560 663 3604 acc.
688 3559 797 3625 appos.
818 3538 868 3604 IV
889 3542 953 3604 605
970 3537 1115 3616 Ἡλιάδες
1139 3539 1288 3625 μύρονται

219 3648 346 3729 κινυρὸν
369 3645 453 3730 γόον.
490 3645 587 3711 Hom.
604 3646 709 3731 iungit
730 3647 806 3710 huic
822 3645 922 3711 verbo
938 3668 1049 3733 praep.
1067 3645 1147 3732 ἀμφί
1171 3652 1204 3712 et
1220 3668 1285 3714 acc.

222 3750 310 3833 '1¹63
343 3751 421 3817 olibi
444 3752 530 3817 idem
553 3753 755 3819 intransitive
778 3759 911 3839 usurpat
942 3755 994 3834 (cf.
1019 3776 1040 3817 κ
1065 3756 1128 3819 202
1153 3755 1218 3835 al),
1251 3761 1288 3817 ut

221 3859 284 3945 Ap.
310 3878 438 3944 quoque
464 3858 559 3924 Ι271
587 3860 627 3924 al.
667 3859 718 3924 De
742 3866 903 3925 structura
925 3862 956 3927 h.
981 3883 1010 3926 v.
1036 3882 1109 3926 cum
1132 3860 1196 3926 dat.
1221 3860 1285 3926 vid.

219 3964 313 4030 infra.
349 4001 390 4011 -
419 3963 529 4030 Verbo
559 3965 730 4048 ὀδύρεσθαι
763 3967 803 4032 ab
834 3972 971 4054 utroque
1001 3974 1097 4053 poeta
1127 3987 1192 4033 aco.
1222 3968 1284 4032 obi.
