2975 4392
659 253 878 319 „71-

322 430 438 499 Duos
483 432 1068 500 dativae-instrumentales
1109 433 1144 496 in
1187 432 1303 499 eodem

238 540 403 604 enuntiato
437 540 623 605 ooniunotos
650 540 808 605 habemus
836 539 854 603 Ι
878 543 942 605 542
975 540 1068 625 ὠφρῷ
1097 539 1125 604 δ’
1148 540 1226 604 ἔνθα
1247 541 1301 604 καὶ

236 645 315 712 ἔνθα
336 646 465 730 κελαινὴ
495 644 607 732 κήκιεν
630 647 717 734 ἅλμη
749 647 847 713 δεινὸν
878 645 1087 733 μορμύρουσα
1116 645 1302 731 ἐρισθενέων

229 752 319 838 μένει
342 754 470 837 ἀνδρῶν,
504 753 557 819 ΠΙ
580 757 644 821 346
669 754 715 818 ὅτ’
738 752 847 839 ἀνέρες
871 755 961 818 αὐτοὶ
990 751 1155 839 νωλεμέως
1177 750 1299 840 χείρεσ-

234 881 280 926 σιν
296 860 525 948 ἐπισπέρχωσιν
546 861 700 948 ἐρετμοῖς,
723 861 767 928 ib.
786 863 850 925 462
865 859 954 946 τέρεν
970 859 1005 926 δέ
1029 859 1058 925 οἱ
1073 862 1154 946 ἀμφὶ
1168 863 1300 947 παρειὰς
1393 872 1395 875 ’

126 949 159 968 ”
234 967 373 1054 δάκρυον
403 969 554 1054 αἰνοτάτῳ
578 967 656 1054 ἐλέῳ
689 968 742 1054 ῥέε
765 968 991 1054 κηδοσύνῃσιν,
1023 968 1066 1035 ib.
1094 970 1177 1034 1297
1210 969 1242 1032 οἳ
1265 967 1300 1033 δέ

236 1096 284 1161 μιν
297 1076 392 1161 ἄμφω
405 1076 566 1162 μυκηθμῷ
582 1084 783 1161 κρατεροῖσιν
795 1073 969 1158 ἐνέπληξαν
985 1075 1161 1159 κεράεσσιν.
1187 1074 1300 1139 Simile

235 1180 312 1267 quid
334 1181 420 1267 apud
442 1182 623 1247 Homerum
647 1203 775 1270 quoque
797 1181 996 1266 invenimus3
1021 1181 1061 1248 of.
1087 1203 1115 1246 e.
1139 1203 1171 1267 g.
1194 1179 1212 1244 Ι
1236 1184 1301 1248 620

234 1284 411 1374 Πατρόκλῳ
436 1289 484 1374 ὅγ’
508 1288 557 1353 ἐπ’
581 1289 696 1374 ὀφρύσι
718 1298 808 1355 νεῦσε
832 1297 945 1374 σιωπῇ.

323 1394 501 1461 Dativus
529 1395 805 1462 differentiae
829 1396 895 1461 sive
914 1416 1084 1462 mensurae
1107 1415 1181 1459 oum
1196 1394 1301 1481 gradu

236 1502 453 1590 comparativo
482 1503 670 1568 ooniunotns
692 1508 728 1567 ut
759 1503 793 1568 iu
816 1501 952 1567 Homeri
975 1501 1169 1567 carminibus
1198 1502 1246 1567 ita
1267 1502 1301 1566 in

235 1607 400 1696 Apollonii
423 1630 551 1697 quoque
573 1615 722 1697 poemate
746 1609 868 1674 nonin
890 1628 951 1675 usu
974 1615 1032 1675 est.

323 1716 383 1782 De
417 1717 636 1803 antiptosi
670 1737 755 1803 quae
789 1717 872 1780 ratio
906 1718 990 1781 inter
1023 1714 1233 1801 Apollonium
1268 1720 1302 1780 et

234 1822 415 1889 Homerum
453 1824 650 1909 intercedat,
692 1823 901 1889 conferantur
935 1844 1018 1910 quae
1056 1822 1233 1888 Merkelius
1266 1821 1301 1885 in

234 1930 327 2015 proll.
350 1951 381 2017 p.
405 1930 622 1996 LXXXVIII
644 1951 709 2017 seq.
735 1931 893 2017 exposuit.
