2975 4392
596 229 819 294 „60-

176 408 298 473 tionem
325 406 357 483 ἐς
387 406 528 472 admittit
559 405 608 472 17
634 409 715 473 1461
752 408 880 492 ἄρμενοι
910 405 942 483 ἐς
972 404 1046 479 τόδε
1075 406 1175 491 ἔργον.
1201 442 1242 453 -

178 511 334 599 ἐναίσιμος
367 514 414 580 17
438 516 500 580 861
534 513 690 599 ἐναίσιμος
723 516 800 600 ὔμμι
826 511 983 589 κέλευθος
1014 511 1159 578 dativum
1188 512 1244 578 ad-

178 618 302 704 sciscit,
333 621 448 687 ceteris
478 621 513 685 in
535 621 614 685 locis
646 620 700 704 (cf.
724 620 830 686 1438
854 621 909 703 51.)
942 625 1074 686 auctore
1097 619 1242 685 Homero

177 728 231 814 (51.
247 725 273 791 Ζ
289 730 366 811 521)
389 727 477 792 nude
499 727 639 812 ponitur.
664 763 708 776 -
731 725 887 814 ἐπήβολος
911 728 1062 793 1111272
1086 725 1245 813 ἐπήβολος

179 838 296 921 ἅρματι
336 834 437 901 νύσσα
470 834 596 899 ratione
634 835 869 901 recentioribus
901 835 1005 922 poetis
1038 834 1156 899 usitata
1190 832 1244 921 (51.

178 942 315 1010 Thsoor.
351 944 404 1025 28,
430 944 463 1021 2)
499 941 608 1006 dativo
642 942 806 1027 iungitur,
844 942 908 1007 alia
943 941 1178 1007 constructione
1213 947 1247 1008 et

179 1049 412 1135 significatione
449 1049 547 1116 Hom.
584 1048 686 1114 utitur
722 1048 741 1135 β
774 1051 838 1114 319
869 1050 946 1134 νηὸς
978 1046 1152 1136 ἐπήβολος,
1186 1068 1247 1113 555

179 1157 285 1221 miuus
314 1156 431 1242 tragici
461 1156 514 1241 (51.
545 1154 663 1223 Aesch.
694 1155 804 1221 Prom.
835 1158 911 1239 444,
942 1155 1006 1241 Ag.
1038 1158 1118 1239 542,
1148 1155 1245 1241 Soph.

182 1261 374 1346 451402).
407 1301 448 1310 -
482 1261 572 1341 ξυνὸς
595 1260 658 1347 Ap.
684 1283 757 1327 cum
781 1262 845 1329 dat.
877 1260 930 1349 (51.
955 1263 973 1327 Ι
995 1264 1070 1347 337,
1099 1263 1147 1329 111
1174 1264 1247 1343 173,

181 1372 264 1453 483,
287 1368 382 1435 Piud.
407 1369 458 1435 Ol.
483 1372 514 1453 3,
541 1371 605 1452 18),
632 1368 730 1435 Hom.
755 1390 829 1433 cum
851 1390 925 1454 geu.
950 1370 1116 1455 coniungit
1139 1366 1193 1455 (51.
1219 1365 1247 1432 Ο

184 1478 269 1561 193).
294 1515 335 1525 -
360 1475 487 1563 ἑτοῖμος
510 1475 551 1540 ab
574 1476 672 1542 Hom.
696 1475 817 1562 ubique
840 1475 986 1542 absoluto
1009 1473 1156 1558 (51.191
1181 1475 1247 1558 51),

181 1583 222 1648 ab
242 1581 305 1670 Ap.
330 1588 438 1648 autem
460 1582 613 1649 171745
635 1591 720 1659 τεοῖς
743 1581 923 1648 νεπόδεσσιν
947 1581 1068 1668 ἑτοίμη,
1093 1582 1250 1668 ,posteris

180 1690 245 1754 tuis
267 1690 424 1754 auxilium
445 1689 584 1773 latura“,
612 1709 686 1754 oum
708 1688 817 1754 dativo
840 1689 980 1775 ponitur,
1003 1694 1040 1753 ut
1063 1689 1150 1776 apud
1170 1688 1248 1753 Pin·

182 1796 297 1861 darum
317 1796 417 1880 014,
437 1798 487 1880 16,
510 1795 716 1862 Herodotum
739 1795 758 1859 I
781 1797 832 1878 70,
857 1795 936 1860 51155
958 1816 1073 1882 prosae
1096 1796 1250 1860 orationis

181 1904 363 1992 scriptores.
394 1941 436 1951 -
467 1901 608 1987 ἐφέστιος
630 1902 665 1966 in
687 1900 768 1988 Arg.
793 1901 938 1968 dativum
960 1903 1075 1989 recipit
1096 1901 1150 1967 HI
1175 1906 1248 1986 116,

182 2010 232 2076 IV
246 2013 320 2094 518,
345 2010 362 2075 Ι
381 2011 454 2094 117,
475 2030 633 2096 nusquam
649 2014 758 2074 autem
773 2010 970 2095 genetivum,
987 2030 1082 2096 quem
1101 2010 1137 2074 iu
1152 2008 1248 2074 Hom.

183 2118 378 2183 carminibus
409 2116 463 2201 (51.
495 2114 523 2180 Β
550 2118 612 2181 125
637 2116 692 2200 51.)
725 2122 760 2180 51
789 2117 823 2180 in
855 2117 1054 2202 tragicorum
1082 2122 1251 2204 poetarum

182 2224 273 2290 libris
305 2224 405 2290 habet
437 2223 491 2307 (51.
515 2221 632 2290 Acsoh.
659 2222 747 2310 Sept.
779 2225 855 2307 853,
889 2223 1001 2310 Suppl.
1025 2226 1089 2289 503
1117 2225 1183 2307 51).
1207 2261 1249 2272 -

182 2329 373 2415 προςκηδής,
399 2334 606 2417 ,cognatus“,
630 2329 738 2395 dativo
755 2331 926 2418 apponitur
948 2331 1074 2397 17717
1099 2331 1249 2415 (stlido.

183 2436 270 2502 VIII
296 2440 387 2520 136);
419 2459 442 2521 φ
466 2440 508 2502 35
532 2437 596 2502 alio
619 2437 802 2522 significatu
823 2438 964 2525 positum
988 2459 1064 2503 casu
1086 2444 1183 2504 caret.
1208 2476 1248 2486 —

184 2544 365 2629 ἐναρίθμιος
391 2541 419 2606 Β
444 2545 508 2608 202
533 2549 566 2609 51
594 2565 616 2629 μ
641 2545 682 2610 65
706 2544 775 2610 siue
807 2564 883 2609 casu
906 2544 1095 2629 adhibetur3
1126 2545 1252 2611 dativus

185 2651 325 2716 adicitur
345 2651 379 2714 iu
395 2650 476 2735 Arg.
494 2652 507 2715 l
528 2652 600 2734 143,
619 2653 693 2735 647,
709 2650 763 2714 III
779 2653 854 2736 518,
876 2652 924 2718 17
943 2655 1026 2717 1412
1043 2652 1250 2738 (51715551.

187 2761 216 2842 7,
234 2759 299 2842 86).
337 2756 550 2844 μεταρίθμιος,
568 2757 655 2843 quod
671 2757 780 2823 dativo
801 2758 966 2825 adnexum
980 2759 1138 2826 habemus
1153 2760 1170 2825 I
1187 2762 1251 2827 205

186 2865 240 2949 (51.
256 2864 412 2952 hymnum
428 2865 565 2930 altemm
580 2864 615 2929 in
630 2863 750 2933 Bacch.
768 2868 811 2950 6),
833 2866 920 2952 apud
934 2866 1032 2933 Hom.
1048 2888 1114 2932 uon
1136 2872 1251 2934 exstat.

186 2971 270 3039 Item
285 2971 381 3038 Hom.
399 2971 539 3037 abstinet
560 2970 727 3037 adiectivis
751 2972 909 3051 συνέστιος
933 2971 987 3061 (51.
1005 2975 1021 3040 Ι
1040 2978 1142 3058 1319,
1166 2967 1252 3060 apud

186 3078 303 3147 Aesch.
337 3077 426 3165 Sept.
458 3080 521 3144 773
555 3097 629 3142 cum
660 3082 766 3163 gem),
800 3079 946 3165 ὀμούριος
976 3079 1030 3167 (51.
1060 3080 1113 3144 III
1147 3083 1252 3165 1095,

188 3188 323 3272 ὅμουρος
347 3184 456 3250 dativo
479 3185 625 3270 iungitur
648 3185 735 3272 apud
752 3185 910 3254 Herodot.
935 3186 1009 3252 Ι57
1034 3188 1100 3272 ai),
1124 3186 1253 3274 ὁμῶλαξ

187 3293 241 3377 (51.
266 3294 407 3376 11787),
433 3291 608 3378 ὁμόστολος
631 3293 685 3379 (51.
709 3293 744 3359 Π
761 3297 825 3360 802
850 3300 882 3360 51
904 3293 1057 3378 ΙΠ558,
1082 3316 1155 3359 cum
1177 3316 1251 3381 geu.

188 3399 275 3487 apud
306 3398 403 3485 Soph.
428 3399 467 3466 Ο.
493 3398 535 3466 R.
560 3401 649 3484 212),
680 3400 860 3486 συνοπηδὸς
890 3401 944 3489 (51.
972 3401 1022 3467 17
1053 3403 1136 3485 745,
1167 3425 1254 3470 συνο-

187 3505 288 3583 παδὸς
311 3526 384 3570 cum
407 3505 471 3573 dat.
496 3506 583 3593 apud
604 3507 688 3575 Plat.
711 3508 852 3575 Phaedr.
875 3530 907 3596 p.
932 3511 996 3574 248
1020 3508 1069 3593 0),
1097 3508 1254 3596 συνοίμιος

189 3614 243 3699 (51.
258 3612 294 3678 Π
312 3615 372 3677 161
398 3609 532 3700 Ὀρφείῃ
551 3613 701 3701 φόρμιγγι
724 3615 880 3702 συνοίμιον
897 3619 992 3703 ὕμνον
1010 3615 1132 3701 ἀείδειν,
1159 3638 1253 3699 ,oan-

189 3727 258 3786 tum
289 3719 433 3784 citharae
456 3719 580 3806 Orphei
613 3742 788 3787 consonum
817 3725 980 3809 cauere“),
1004 3723 1095 3809 μιγάς
1127 3724 1255 3807 (5117

190 3829 275 3910 320,
307 3824 452 3890 absolute
475 3825 561 3912 apud
582 3826 773 3914 Euripidem
803 3834 836 3895 51
857 3850 971 3917 prosae
1001 3830 1155 3896 orationis
1175 3831 1252 3898 scri·

189 3932 321 4023 ptores),
345 3929 545 4021 καταχείριος
569 3931 662 4023 (51.1
687 3934 797 4026 1189).
