2975 4392
602 246 823 312 „50-

266 425 406 510 ἄγασθαι
429 425 446 487 Ι
465 427 524 488 141
544 425 655 489 dativo
671 425 877 488 subiunctum
900 424 1067 489 invidendi
1082 424 1248 489 notionem

174 531 290 614 induit,
304 537 341 595 ut
356 531 527 616 aliquoties
542 532 576 595 in
589 531 726 596 Homeri
742 532 954 614 carminibus,
980 532 1019 596 cf.
1031 528 1058 593 P
1072 532 1110 594 71
1127 532 1191 614 el).
1205 569 1247 578 —

176 637 341 718 έπιλλίζειν
365 638 598 723 significatione
621 639 779 703 irridendi
801 638 985 724 praeditum
1012 637 1121 702 dativo
1145 638 1267 703 edne-¹

176 747 273 808 ctitur
289 744 339 808 IV
351 747 414 809 389
432 744 497 826 (III
515 748 609 828 791),
634 767 653 808 σ
672 748 708 809 11
729 752 837 810 eutem
858 745 964 810 eidem
980 746 1068 813 casui
1084 745 1248 810 adnexum

181 857 281 934 ,nutu
304 872 420 916 vocare
453 851 612 937 aliquem“
638 852 735 918 velet.
766 889 810 898 -
840 853 937 918 αἰνεῖν
959 852 995 915 Π
1019 854 1082 917 898
1107 849 1247 936 Ἀγκαίῳ

176 958 284 1034 πολεῖς
307 959 428 1043 ᾔνησαν
453 957 585 1042 ἑταίρων
609 966 722 1022 contra
751 980 845 1023 usum
868 960 1035 1044 vulgarem
1059 958 1167 1022 dativo
1191 958 1247 1022 ed-

176 1066 278 1130 ditum
294 1066 459 1150 ,significet
486 1066 653 1145 „assentiri
668 1066 797 1147 elicui“,
822 1071 858 1128 ut
881 1065 968 1151 apud
983 1065 1081 1128 Hom.
1107 1065 1245 1129 ἐπαινεῖν

175 1171 200 1235 Δ
224 1175 276 1254 29,
299 1169 330 1234 Π
353 1173 428 1254 443,
452 1170 478 1235 Σ
503 1174 577 1253 312,
602 1169 635 1234 Χ
661 1173 733 1254 181,
764 1178 796 1236 et
819 1171 906 1257 apud
929 1172 1069 1256 tragicos
1093 1179 1246 1236 συναινεῖν

177 1279 230 1362 (cf.
255 1277 352 1364 Soph.
369 1277 419 1344 El.
446 1280 528 1361 4023
552 1277 630 1343 Eur.
648 1279 746 1344 Rhes.
775 1280 861 1360 172).
901 1287 1056 1343 συναινεῖν
1079 1277 1142 1363 Ap.
1167 1297 1247 1362 quo·

176 1407 239 1471 que
258 1386 357 1450 semel
372 1386 417 1448 sic
440 1390 575 1471 usurpat
598 1383 648 1449 IV
665 1387 729 1449 463
754 1387 799 1449 τὼ
823 1386 880 1469 μέν
896 1387 936 1448 τὰ
959 1386 1079 1453 ἕκαστα
1095 1383 1247 1469 συνῄνεον

177 1491 368 1576 ἀλλήλοισιν.
416 1492 525 1577 Atque
554 1491 690 1556 ἐπαινεῖν
721 1491 785 1576 Ap.
810 1497 867 1555 aut
899 1512 972 1554 cum
1001 1512 1106 1557 aecus.
1130 1489 1249 1554 obiecti

176 1600 268 1685 ponit
291 1598 345 1680 (of.
369 1598 422 1662 III
447 1600 510 1664 194
535 1604 567 1663 et
591 1598 680 1685 967),
705 1605 741 1662 ut
757 1595 898 1662 Hom.B
924 1600 998 1680 335,
1023 1604 1080 1662 out
1102 1597 1248 1661 absolute

178 1703 232 1792 (ef.
258 1707 272 1770 1
297 1707 371 1787 348,
403 1703 456 1768 ΠΙ
480 1707 556 1788 355,
581 1704 671 1791 947),
701 1702 895 1768 ut115539.
942 1703 1089 1768 Verbum
1111 1703 1248 1788 simplex

177 1812 274 1877 αἰνεῖν
305 1812 339 1875 in
367 1810 464 1876 Hom.
490 1810 686 1875 carminibus
715 1809 871 1875 laudandi
893 1810 959 1873 vim
990 1809 1089 1874 hebet
1118 1815 1152 1874 et
1180 1829 1246 1873 ecc.

178 1917 326 1982 adsciscit
350 1915 403 2002 (cf.
428 1915 460 1979 K
476 1919 541 1982 294
562 1916 638 2003 al.);
660 1936 757 2002 quem
781 1937 874 1980 usum
896 1916 959 2002 Ap.
984 1921 1092 1981 servat
1114 1916 1164 1981 IV
1181 1917 1246 1979 503

178 2029 211 2089 et
235 2026 309 2088 748.
351 2023 501 2088 Notionis
525 2024 706 2087 contrariae
725 2024 862 2088 verbum
886 2022 1080 2109 ἀτέμβεσθαι
1104 2023 1249 2087 dativum

179 2131 239 2195 sibi
262 2131 368 2215 iungit
397 2132 428 2195 11
453 2133 494 2196 56
527 2132 578 2195 ίνα
602 2128 644 2215 μή
670 2151 722 2216 μοι
746 2129 903 2216 ἀτέμβηαι
927 2129 1116 2215 μετόπισθεν
1140 2136 1172 2194 et
1195 2128 1248 2193 III

177 2241 219 2303 99
233 2235 426 2323 ἀτεμβοίμην
443 2237 491 2301 ἑοῖ
503 2238 594 2322 αὐτῇ.
620 2237 718 2324 Apud
730 2238 912 2303 Homerum
924 2236 1068 2323 ἀτέμβειν
1085 2237 1245 2318 ,violere“

177 2344 361 2429 significans
388 2365 462 2408 eum
490 2344 672 2409 accusativo
697 2344 893 2409 construitur
921 2344 973 2426 (cf.
1000 2367 1017 2408 υ
1042 2345 1131 2430 294),
1157 2342 1249 2429 ἀτέμ-

178 2449 292 2536 βεσθαι
323 2455 431 2513 antem
458 2451 583 2536 passive
615 2455 805 2536 usurpatum
831 2450 982 2536 idemque
1011 2451 1122 2515 valens
1152 2457 1249 2536 atque

181 2556 322 2642 ,privari
345 2556 454 2641 eliqua
477 2560 531 2620 re“
566 2577 640 2620 cum
665 2557 816 2642 genetivo
848 2554 1073 2641 (ef.115834).
1097 2594 1140 2605 -
1163 2578 1249 2641 περι·

178 2661 322 2728 δαίεσθαι
346 2663 398 2744 (of.
419 2661 469 2726 IV
486 2665 527 2726 58
550 2660 750 2748 Ἐνδυμίωνι)
774 2669 806 2727 et
829 2664 1023 2749 συναρθμεῖν
1048 2663 1101 2745 (cf.
1117 2662 1167 2727 IV
1183 2666 1248 2729 418

179 2770 284 2855 ἐμοῖσι
315 2768 454 2852 ἐπέεσσι)
485 2770 586 2835 verbs
619 2770 727 2835 dativo
757 2771 868 2834 iuncto
897 2791 1003 2856 neque
1034 2770 1120 2856 apud
1149 2769 1248 2834 Hom.

178 2897 286 2961 neque
310 2876 387 2940 alibi
411 2881 593 2940 occurrunt.

269 2981 390 3065 Verba,
412 2983 447 3046 in
463 2982 580 3068 quibus
601 2982 818 3046 similitudinis
840 2982 929 3046 notio
944 2983 1037 3066 inest,
1054 2982 1116 3068 Ap.
1134 2982 1249 3047 eodem

178 3089 274 3153 modo
307 3109 372 3174 quo
399 3088 497 3154 Hom.
530 3095 674 3174 usurpat.
722 3088 878 3177 conferas
906 3089 1054 3155 ἰσοῦσθαι
1086 3088 1138 3152 III
1165 3091 1248 3154 1108

180 3193 214 3281 (η
240 3195 330 3281 212),
362 3193 552 3279 ἰσοφαρίζειν
576 3194 593 3259 I
618 3198 682 3260 482
709 3201 742 3261 et
764 3194 799 3258 H
825 3197 908 3260 1206
933 3193 970 3279 (Ζ
996 3199 1055 3260 101
1082 3196 1148 3278 al),
1173 3196 1249 3260 εἰδε-

180 3301 256 3365 σθαι
278 3300 331 3364 ΠΙ
356 3303 407 3385 72,
432 3304 507 3383 968,
531 3300 581 3366 IV
596 3303 672 3386 221,
699 3303 774 3386 978,
802 3304 896 3385 1616,
920 3299 960 3385 (Β
986 3304 1046 3367 791
1074 3302 1140 3387 sl).
1183 3301 1248 3367 Pro

181 3407 370 3472 ἰσάσκεσθαι
391 3409 492 3473 verbo
515 3408 569 3487 (cf.
593 3405 621 3471 Ω
640 3409 717 3491 667)
740 3408 804 3494 Ap.
829 3409 946 3489 ἰσάζειν
969 3407 1248 3473 utiturI111045

180 3514 303 3579 θεοῖσιν
327 3512 472 3599 ἰσαζέμεν
497 3515 708 3580 ἀθανάτοισιν.

269 3618 310 3682 In
336 3620 376 3683 iis
397 3621 505 3685 verbis
528 3619 732 3705 adhibendis,
766 3642 849 3707 quse
877 3622 1062 3686 societatem
1093 3627 1150 3685 out
1174 3642 1249 3685 oon·

180 3725 315 3789 troriem
338 3727 496 3792 rationem
511 3727 676 3811 denotant,
700 3749 838 3813 pervum
860 3728 955 3793 modo
972 3728 1143 3793 discrimen
1165 3729 1250 3793 inter

182 3831 396 3898 elocutionem
405 3832 655 3919 Apollonianem
668 3834 919 3899 etHomeriosm
929 3834 1112 3900 intercedit.
1130 3834 1249 3920 ὁμιλεῖν

182 3937 223 4001 ab
245 3936 342 4002 Hom.
367 3938 476 4003 dativo
500 3960 657 4025 personae
681 3941 869 4026 adiungitur
893 3940 946 4023 (cf.
970 3941 1000 4003 A
1016 3941 1104 4024 523),
1128 3941 1169 4005 ab
1185 3940 1248 4023 Ap.
