2975 4392
602 255 822 318 ..52-

176 433 242 514 aL),
266 431 330 518 Ap.
355 432 527 514 ὀπηδειίειν,
553 431 640 517 quod
663 430 741 495 alibi
764 451 830 494 non
853 434 968 514 exstat,
992 431 1092 495 habet
1114 429 1164 495 IV
1181 433 1245 496 675

177 538 264 624 μῆλα
281 586 314 601 ..
340 538 541 622 ὀπηδεύοντα
562 546 657 622 νομῆι
682 536 795 622 (absol.
815 538 858 601 ib.
885 538 972 619 974).
1012 536 1040 600 E
1065 538 1248 622 compositis

175 645 283 710 verbis
304 645 369 709 huo
385 643 622 728 pertinentibus
637 665 737 707 unum
762 642 1003 729 συμβάλλεσθαι
1022 664 1096 707 ourn
1111 643 1248 708 Homeri

175 773 236 816 usu
259 751 408 836 congruit
430 749 483 833 (of.
508 750 525 812 I
550 753 611 813 311
639 755 671 813 et
697 751 802 832 1253;
827 771 849 834 φ
877 752 940 831 15).
980 749 1115 815 συνιέναι
1138 757 1248 814 autem

176 857 212 922 II
238 859 319 921 1191
351 878 424 920 oum
455 857 518 921 dat.
543 876 711 942 personae,
743 854 833 919 Υ66
868 861 901 920 et
924 854 956 918 Φ
981 859 1045 920 390
1078 877 1151 920 oum
1181 856 1245 922 dat.

176 965 379 1029 instrumenti
403 959 620 1047 ooniungitur.
667 962 888 1048 συμφέρεσθαι
911 963 976 1028 dat.
992 985 1110 1049 purum
1133 964 1248 1049 recipit

177 1069 227 1134 IV
253 1072 315 1133 134
346 1068 451 1147 Λύκος
484 1068 600 1134 Φάσιδι
632 1068 827 1154 συμφέρεται
860 1069 943 1153 ἱερὸν
976 1070 1051 1154 ῥόον
1083 1068 1135 1151 (of.
1167 1069 1249 1133 Eur:

176 1176 308 1241 Heraol.
333 1179 397 1241 919
422 1175 617 1261 συμφέρεται
640 1175 808 1240 τὰπολλὰ
831 1175 985 1258 πολλοῖς),
1016 1176 1080 1240 dat.
1104 1177 1193 1242 instr.
1218 1175 1247 1239 A

178 1285 241 1347 736
267 1282 519 1368 συμφερόμεσθα
535 1283 634 1370 μάχη,
660 1289 696 1347 nt
718 1284 805 1369 apud
820 1283 884 1368 Ap.
901 1283 951 1348 Ill
970 1285 1031 1346 183
1056 1285 1131 1367 ἄρηι
1147 1304 1247 1347 συνοι·

178 1388 311 1473 σίμεθα.
358 1388 435 1452 Alia
459 1391 634 1474 composita
656 1390 690 1453 in
705 1389 787 1474 Arg.
813 1390 918 1473 obvia,
943 1394 980 1452 nt
1003 1387 1181 1475 συμβαίνειν
1197 1388 1248 1452 IV

178 1498 242 1560 258
260 1494 351 1580 (Eur.
368 1496 444 1560 Hel.
466 1497 572 1578 1008),
594 1497 802 1579 συναράσσειν
819 1498 866 1561 ΙΙΙ
885 1497 980 1579 1318,
998 1494 1248 1581 συνανέρχεσθαι

176 1602 211 1666 Π
236 1604 310 1679 913,
336 1601 488 1666 συνναίειν
513 1604 544 1667 Il
571 1605 631 1667 657
659 1602 770 1688 (Soph.
794 1602 879 1666 Phil.
906 1604 980 1684 892,
1005 1602 1121 1667 Traoh.
1148 1603 1246 1685 1237)

177 1731 219 1774 ne
242 1708 452 1772 inveniuntur
475 1708 606 1793 quidem
628 1709 662 1771 in
685 1708 823 1772 Homeri
846 1708 1050 1774 carminibus.

265 1815 306 1879 In
328 1815 503 1879 verborum
534 1814 701 1900 pugnandi
732 1834 867 1878 numero
894 1814 1066 1898 δηριᾶσθαι
1097 1821 1130 1879 et
1161 1813 1248 1898 δηρί-

177 1923 269 1987 εσθαι
292 1922 326 1985 in
349 1921 429 2006 Arg.
456 1921 599 1985 dativum
622 1942 790 2006 personae,
824 1941 897 1984 oum
921 1942 986 2006 qua
1010 1922 1081 2006 quis
1112 1928 1245 2006 pugnat,

178 2028 353 2092 admittunt
390 2028 443 2108 (of.
476 2026 526 2091 IV
557 2029 660 2111 17293
695 2029 709 2092 1
745 2028 854 2111 1343),
887 2048 983 2113 quem
1014 2028 1048 2091 in
1079 2026 1182 2092 Iliade
1215 2033 1249 2092 et

178 2134 322 2219 Odyssea
356 2155 420 2198 non
448 2134 579 2199 habent.
631 2134 697 2199 Sed
729 2134 876 2199 similiter
908 2133 949 2198 ab
981 2139 1121 2219 utroque
1151 2141 1248 2220 poeta

179 2241 399 2325 adiunguntur
417 2241 544 2305 dativo:
568 2240 751 2326 πολεμίζειν
776 2243 887 2306 11758
913 2237 1060 2325 (0539),
1086 2240 1248 2324 ἐριδαίνειν

178 2346 251 2412 189
268 2347 367 2432 (apud
377 2347 475 2413 Hom.
489 2346 519 2410 Π
533 2350 619 2431 765),
637 2348 819 2433 μάρνασθαι
835 2349 849 2412 1
865 2350 949 2412 1039
965 2345 1166 2431 (15111327
1181 2348 1247 2429 aL).

178 2453 309 2519 Referri
325 2453 438 2518 eodem
454 2461 560 2540 potest
579 2455 696 2540 έγκλοῐν
712 2475 768 2519 τινι
792 2454 975 2539 significans
998 2455 1247 2540 „impedimento

179 2581 246 2625 esse
259 2560 387 2643 alioui“‚
405 2562 500 2646 quale
512 2566 561 2625 est
575 2562 609 2625 in
619 2561 703 2647 Arg.
714 2563 762 2627 III
777 2563 839 2626 307
858 2562 917 2644 ἄτη
936 2559 1105 2645 σωομένοις
1120 2559 1248 2625 ἐνέκλα-

178 2688 232 2732 σεν
257 2665 310 2752 (of.
327 2667 425 2732 sohol.
444 2666 484 2731 ad
507 2668 540 2733 h.
557 2669 592 2754 l.)
609 2689 715 2754 neque
730 2673 861 2754 praeter
875 2668 962 2731 huno
974 2669 1080 2732 looum
1096 2669 1152 2731 rix
1168 2668 1248 2732 alias

179 2774 224 2836 sio
264 2779 454 2859 usurpatum
494 2775 685 2861 reperiatur.
743 2773 868 2839 ἐνικλᾶν
906 2774 1073 2839 transitive
1108 2775 1248 2859 positum

178 2880 323 2944 Homero
353 2876 470 2946 0408
504 2886 537 2946 et
560 2883 625 2944 422
657 2881 816 2966 signifieat
851 2880 911 2961 „ad
939 2881 1066 2945 irritum
1098 2880 1248 2965 redigere

179 2987 332 3072 aliquid“.

267 3092 307 3157 In
341 3094 550 3179 usurpatione
584 3094 759 3158 verborum
799 3093 886 3174 εἶναι,
926 3092 1042 3175 πέλειν,
1082 3091 1246 3175 πέλεσθαι,

170 3201 362 3286 [τεύχεσθαη
398 3221 482 3286 quae
513 3200 621 3264 dativo
645 3199 833 3282 subiuncta,
865 3199 955 3263 ouius
985 3199 1020 3264 in
1051 3200 1248 3284 possessione

180 3307 302 3391 aliquid
323 3307 373 3390 sit,
390 3307 555 3390 denotant,
572 3306 765 3392 Apollonius
782 3305 963 3370 Homerum
984 3306 1137 3391 sequitur.
1171 3305 1249 3369 είναι
1306 3387 1309 3391 7

179 3413 224 3476 sio
239 3412 413 3478 adhibetur
435 3412 544 3496 1208,
562 3415 637 3497 271,
661 3411 696 3475 Π
713 3413 788 3495 231,
806 3415 881 3496 854,
899 3414 973 3495 882,
998 3413 1138 3493 111524,
1164 3412 1248 3475 1290

179 3516 291 3601 (Ζ413
304 3519 370 3602 al.)
383 3518 620 3602 πέλεινΠ929,
637 3522 732 3601 1155,
745 3517 799 3583 HI
809 3520 884 3602 627
896 3518 947 3583 IV
962 3520 1034 3601 103,
1052 3520 1146 3600 1236,
1164 3519 1247 3581 1656

180 3623 279 3710 (apud
292 3623 388 3690 Hom.
402 3623 497 3691 1592
511 3624 577 3712 al),
591 3624 747 3690 πέλεσθαι
760 3624 808 3692 IV
817 3626 881 3689 642
892 3622 937 3707 (Χ
949 3626 1013 3706 76),
1026 3624 1199 3710 τεύχεσθαι
1214 3621 1250 3686 ΙΙ

182 3733 278 3812 1018,
306 3733 400 3813 1133,
435 3730 483 3796 IV
506 3733 581 3814 213,
607 3733 671 3795 694
704 3728 743 3813 (Β
771 3733 833 3795 155
858 3731 923 3815 al..)
970 3731 1049 3795 είναι
1081 3730 1248 3811 omittit‚ur
1287 3784 1289 3787 ,

179 3838 336 3901 υίι366
361 3780 456 3913 Οίιτις
479 3838 600 3922 ἔμοιγ’
624 3840 800 3922 ὄνομα,
748 3837 789 3900 al.
832 3836 879 3900 ita
901 3835 918 3900 1
941 3839 1006 3902 440
1031 3836 1184 3922 ὑμῖνμέν
1167 3835 1248 3916 νδή

182 3949 280 4025 μοῖρα
298 3942 441 4007 dedat
408 3947 441 4006 et
463 3942 514 4006 IV
529 3944 613 4007 1742
630 3941 750 4028 Τρίτων
772 3944 835 4028 γὰρ
860 3943 927 4027 ἐμοὶ
943 3941 1046 4028 Λιβύη
1070 3963 1105 4006 τε
1120 3950 1245 4024 τοκῆες.
