2975 4392
660 246 882 314 ...57-

329 426 465 493 Duobus
495 427 530 491 in
560 427 639 493 locis
670 426 705 492 II
735 429 801 494 236
833 427 1000 504 ἐπικλυτὸς
1030 425 1160 512 ἀνδράσι
1192 421 1308 503 Φινεὺς

243 532 326 620 ὄλβῳ
361 532 539 621 μαντοσύνῃ
572 554 607 599 τε
642 539 674 599 et
708 533 762 598 III
796 537 879 600 1123
914 531 1069 619 τιμήεσσα
1101 531 1221 619 γυναιξὶ
1254 534 1309 597 καὶ

242 639 387 726 ἀνδράσιν
411 640 514 725 αἰδοίη
547 660 582 705 τε
605 642 712 705 ἔσσεαι
739 625 866 706 dativus
889 641 981 706 relat.
1005 660 1186 727 personam,
1219 641 1309 705 ouius

240 747 359 813 iudicio
392 749 501 834 aliqua
539 769 591 813 res
622 748 657 812 in
696 748 839 835 aliquam
873 753 1000 834 partem
1039 747 1228 835 accipienda
1258 748 1308 831 sit,

241 854 383 939 denotat,
400 855 487 941 quod
498 856 673 924 vernaculo
691 855 743 938 ,in
756 854 820 921 den
831 854 952 940 Augen
970 854 1158 940 J‘emandes“
1177 875 1307 941 respon·

241 962 305 1029 det.
341 962 496 1028 Similiter
511 963 608 1042 Hom.
625 962 703 1028 dicit
725 960 754 1026 B
771 964 836 1027 285
859 972 954 1028 πᾶσιν
978 961 1160 1048 ἐλέγχιστον
1175 961 1308 1047 θέμεναι

241 1069 412 1155 μερόπεσσι
440 1069 606 1156 βροτοῖσιν.
653 1069 730 1135 Alia
758 1070 908 1156 exempla
934 1069 1035 1134 habes
1058 1066 1083 1131 Δ
1106 1072 1160 1152 95,
1192 1066 1209 1131 I
1232 1071 1308 1152 303,

242 1173 277 1240 Ψ
301 1180 375 1260 595,
406 1173 434 1240 Ω
458 1179 534 1260 533,
564 1177 590 1242 d
612 1178 688 1243 479.
714 1215 755 1223 —
779 1176 934 1241 Dativum
961 1176 1019 1240 rel.
1043 1195 1102 1261 pro
1130 1196 1203 1261 gen.
1226 1196 1309 1261 puro

242 1284 479 1368 exspectaveris
511 1285 542 1349 11
567 1285 631 1349 852
652 1284 777 1370 ἔχευαν
801 1284 904 1368 ἥρωες
926 1281 999 1347 τότε
1030 1281 1149 1368 τύμβον
1173 1282 1310 1366 ἀποφθι-

242 1389 338 1475 μένου
362 1389 498 1475 ἑτάροιο.
537 1389 584 1455 At
605 1390 653 1457 IV
670 1393 734 1456 625
751 1393 791 1455 τά
812 1391 847 1454 δὲ
862 1390 988 1475 δάκρυα
1008 1388 1216 1475 μυρομένῃσιν
1240 1390 1310 1465 οἷον

242 1496 386 1581 ἐλαιηραὶ
419 1496 532 1583 στάγες
572 1497 681 1562 ὕδασιν
723 1495 919 1583 ἐμφορέοντο
962 1495 1107 1560 dativum
1141 1516 1200 1581 pro
1234 1517 1308 1582 gen.

240 1603 325 1669 bene
347 1604 489 1690 posuisse
511 1609 609 1690 poeta
637 1603 717 1668 mihi
739 1603 879 1688 videtur,
903 1603 990 1691 quod
1011 1603 1067 1667 illo
1097 1623 1172 1667 casu
1195 1603 1310 1669 melius

242 1732 338 1797 quam
360 1711 431 1796 hoo,
456 1718 576 1798 quanto
601 1711 712 1777 dolore
727 1710 904 1776 Heliadum
927 1710 1026 1775 animi
1049 1710 1157 1775 affecti
1178 1710 1310 1794 fuerint,

243 1816 435 1885 declaratur.

331 1923 594 2010 Frequentantur
620 1922 807 2011 Apollonio,
838 1930 877 1988 ut
902 1923 1057 2007 Homero,
1089 1922 1190 1988 dativi
1217 1924 1309 1991 relat.

242 2030 468 2116 pronominum
499 2031 726 2117 personalium,
751 2031 806 2116 qui
837 2031 1036 2118 pronominis
1067 2029 1235 2115 possessivi
1257 2031 1310 2095 vel

243 2136 386 2220 genetivi
407 2137 606 2228 pronominis
628 2135 868 2202 determinativi
889 2138 960 2203 vioe
983 2136 1173 2222 funguntur.
1210 2137 1311 2202 Velut

244 2242 380 2328 legimus
411 2243 446 2306 in
474 2241 555 2329 Arg.
588 2242 717 2309 11296
747 2245 792 2307 τὼ
820 2243 855 2310 δέ
883 2243 912 2308 οἱ
940 2245 1016 2308 ὄσσε
1047 2243 1244 2327 ἰνδάλλοντο,
1275 2249 1312 2308 ut

243 2348 331 2436 apud
353 2350 450 2416 Hom.
473 2347 505 2413 A
530 2351 593 2416 104
626 2350 701 2415 ὄσσε
724 2348 759 2414 δέ
790 2348 819 2413 οἱ
840 2351 916 2434 πυρὶ
946 2349 1161 2437 λαμπετόωντι
1192 2350 1309 2435 ἐίκτην.

245 2456 308 2532 Qui
323 2477 408 2541 usus,
425 2461 462 2522 ut
476 2457 510 2521 in
525 2456 621 2523 Hom.
640 2457 845 2540 carminibus,
869 2456 914 2521 sic
931 2457 966 2520 in
981 2456 1147 2543 Apollonii
1161 2463 1311 2543 poemate

242 2564 369 2651 saepius
392 2565 546 2648 occurrit;
570 2564 610 2631 cf.
634 2563 669 2629 Π
685 2566 737 2648 44,
763 2566 816 2647 82,
844 2566 916 2647 109,
944 2566 1016 2647 193,
1041 2567 1116 2648 290,
1134 2566 1209 2648 212,
1234 2566 1310 2649 496,

244 2672 318 2755 553,
343 2674 405 2737 561
431 2672 492 2756 al.;
515 2670 569 2735 ΙΠ
593 2672 667 2754 487,
695 2673 780 2736 1968
806 2670 866 2753 al.;
889 2669 939 2735 IV
955 2673 1020 2735 880
1044 2671 1085 2736 al.
1133 2670 1311 2736 Genetivus

242 2778 404 2865 participii
438 2777 546 2843 dativo
578 2779 625 2843 ita
655 2778 760 2865 posito
793 2777 933 2843 adicitur
963 2777 1016 2842 ΙΙΙ
1046 2779 1108 2843 371
1144 2778 1182 2842 ἐκ
1214 2777 1248 2843 δέ
1280 2778 1310 2843 οἱ

243 2884 358 2970 ὄμματ’
381 2884 520 2971 ἔλαμψεν
544 2885 597 2948 ὑπ’
613 2884 745 2969 ὀφρύσιν
770 2883 903 2970 [εμὲνοιο
927 2884 981 2969 (of.
998 2882 1023 2948 Ξ
1040 2887 1092 2968 25,
1116 2883 1146 2948 Π
1163 2887 1224 2949 531
1244 2886 1309 2970 al).

331 2991 499 3079 Participii
522 2990 649 3057 dativus
673 2991 715 3056 ad
737 2992 928 3056 relationem
951 3013 1033 3078 quae
1056 2992 1165 3057 locum
1187 2999 1312 3079 spectet

243 3098 486 3187 exprimendam
509 3097 596 3163 nude
618 3098 750 3185 positus,
775 3099 877 3185 qualis
900 3104 1006 3164 exstat
1027 3099 1061 3164 in
1084 3097 1165 3185 Arg.
1188 3098 1224 3164 Π
1245 3103 1310 3164 364

242 3207 301 3292 τὴν
332 3208 367 3271 δὲ
396 3206 643 3292 περιγνάμψαντι
672 3205 775 3282 πολὺς
803 3205 1034 3290 παρακέκλιται
1065 3206 1128 3290 ἤδη
1160 3204 1310 3292 Αἰγιαλός

242 3334 348 3400 neque
389 3314 422 3378 in
456 3313 593 3379 Homeri
630 3333 736 3399 neque
778 3313 914 3377 aliorum
953 3312 1127 3398 Apollonio
1165 3314 1311 3400 priorum

242 3426 412 3506 poetarum
435 3420 631 3486 carminibus
654 3420 828 3487 invenitur.
875 3419 915 3484 In
938 3420 1084 3485 oratione
1112 3421 1218 3485 soluta
1241 3422 1310 3487 eius

243 3528 371 3612 generis
394 3527 550 3595 dictiones
572 3527 701 3592 obviam
723 3526 803 3592 ferri
824 3532 936 3591 notum
960 3532 1027 3610 est,
1057 3527 1097 3594 cf.
1122 3526 1201 3592 Hdt.
1226 3527 1243 3592 I
1267 3531 1307 3594 51

245 3631 368 3714 ἐςιόντι;
392 3633 493 3702 Thuc.
517 3636 533 3700 1
557 3636 600 3698 24
624 3632 793 3710 ἐςπλέοντι.
1281 3692 1283 3695 ,

295 3746 298 3750 ’
332 3738 550 3828 Epartioipiis
561 3741 660 3805 animi
670 3739 806 3806 affectus
817 3739 1044 3824 indicantibus,
1056 3761 1138 3827 quae
1146 3741 1310 3806 Homerus

244 3846 363 3933 aliique
379 3847 478 3913 verbo
501 3848 591 3913 finito
615 3847 725 3912 addito
750 3846 792 3911 ad
808 3846 952 3912 dativum
976 3848 1117 3935 aliquam
1139 3868 1309 3933 personam

246 3953 453 4021 denotantem
468 3954 590 4022 referre
613 3955 728 4038 solent,
743 3953 938 4040 Apollonius
960 3955 1021 4019 nisi
1037 3953 1203 4039 ἐλδόμενος
1218 3953 1308 4017 nullo
