2975 4392
655 261 877 323 ..ll-.-

234 438 340 501 locum
355 437 566 502 Homericum
588 434 605 500 Ι
621 437 683 501 471
702 437 735 501 οἳ
752 438 808 522 μὲν
827 435 1027 523 ἀμειβόμενοι
1050 436 1194 522 φυλακάς
1211 440 1293 527 ἕχον.

233 542 322 610 Addi
343 549 520 631 potuerunt
541 541 571 607 A
595 545 670 628 604,
694 566 716 609 α
738 545 814 628 375,
838 543 857 630 β
883 546 957 627 140,
980 545 1006 610 0
1027 545 1102 610 379.
1148 612 1150 615 .

321 652 458 718 Praeter
487 649 673 737 ἀμείβεσθαι
702 650 804 717 verba
832 651 998 717 notionem
1027 652 1297 737 praetervehendi

231 758 399 825 intuentia
421 758 603 824 accusative.
625 758 805 844 iunguntur
827 758 924 823 haee:
957 757 1167 845 ὑπεκβάλλειν
1190 759 1207 824 Ι
1231 763 1295 828 596
1430 758 1435 771 ’

230 864 385 952 (βέε9ρα),
401 866 572 952 γνάμπτειν
588 864 782 951 („fleetend0
798 865 1051 949 transmittere“)
1063 865 1097 930 11
1113 869 1178 932 350
1194 868 1295 952 ἀκτὴν

229 970 386 1039 Μέλαιναν
408 973 615 1059 γνάμψαντες,
638 972 681 1039 ib.
699 973 775 1056 944,
791 958 867 1056 965,
887 973 981 1056 1010,
1005 972 1055 1038 IV
1070 975 1132 1039 301
1154 971 1293 1060 (56015.

229 1079 271 1145 de
293 1079 357 1148 div.
389 1078 425 1144 Π
448 1082 490 1145 45
522 1079 556 1145 in
578 1078 745 1147 fleetendis
767 1079 1021 1166 promunturiis),
1052 1081 1293 1167 περιγνάμπτειν

228 1185 264 1251 Π
288 1189 353 1253 364
375 1193 409 1253 et
431 1189 497 1254 560
520 1184 574 1273 (ef.
599 1208 609 1251 ι
633 1187 698 1271 80).

316 1294 491 1360 Homerico
519 1295 591 1359 usui
618 1293 710 1359 verbi
738 1293 891 1381 simplicis
920 1293 1089 1380 γνάμπτειν
1120 1296 1294 1381 respondet

227 1401 461 1488 Apollonianus
489 1400 525 1466 Π
557 1403 643 1467 1250
669 1409 757 1467 κεῖνο
784 1400 862 1486 δόρυ
891 1401 1033 1487 γνάμψαι
1062 1407 1095 1466 et
1124 1401 1177 1466 III
1207 1405 1291 1469 1350

225 1509 351 1596 γνάμψε
372 1509 499 1594 γούνατ’
522 1508 648 1594 ἐλαφρά
670 1505 719 1590 (Ψ
743 1508 830 1592 731).

314 1617 380 1682 Pro
410 1615 564 1704 loquendi
590 1616 729 1682 formula
755 1624 855 1700 περᾶν
883 1615 977 1700 οἶδμα
1009 1613 1074 1700 (ΠΙ
1099 1617 1163 1680 388
1186 1620 1220 1680 et
1241 1615 1291 1681 IV

226 1722 304 1810 457)
319 1723 417 1789 Hom.
434 1723 535 1788 utitur
558 1723 577 1804 ζ
592 1725 633 1787 27
638 1725 657 1787 2
680 1732 780 1808 περᾶν
794 1721 970 1787 θάλασσαν.
1006 1721 1178 1788 Obieetum
1197 1723 1289 1787 omit·

224 1829 303 1894 titur
330 1829 365 1895 II
393 1831 458 1896 344
485 1833 537 1916 νηὶ
562 1839 714 1916 περῆσαι,
747 1829 791 1895 ib.
822 1832 896 1913 413,
929 1828 981 1894 ΠΙ
1017 1831 1111 1913 1072,
1142 1828 1192 1894 IV
1224 1831 1288 1896 530

224 1936 259 2020 (κ
281 1938 347 2003 508
362 1936 428 2024 αλ).
466 1937 540 2003 Ησο
562 1937 633 2001 loeo
656 1935 973 2001 commemorandum
996 1941 1044 2001 est
1067 1935 1202 2002 verbum
1224 1935 1289 2002 πεῖ·
1369 1990 1372 1996 .

225 2064 298 2127 ρειν,
328 2044 380 2108 eui
404 2065 469 2109 aee.
499 2044 562 2109 obi.
586 2042 724 2108 edicitur
753 2041 803 2107 IV
826 2044 892 2108 980
921 2041 1010 2125 (ἁλός
1038 2040 1121 2128 μέγα
1146 2042 1287 2128 λαῖτμα),

223 2147 354 2216 5198
382 2151 444 2233 ολ.;
477 2170 585 2236 appos.
611 2154 719 2214 autem
751 2147 786 2212 II
818 2149 881 2214 775
911 2147 1036 2232 (πλόον)
1068 2154 1101 2215 et
1131 2149 1175 2215 ib.
1204 2151 1287 2214 1127

221 2256 348 2342 (οἶμον),
372 2262 409 2322 ut
432 2256 533 2343 β434
554 2253 746 2340 (κέλευθον).
786 2253 852 2321 Sed
868 2255 954 2321 nude
977 2255 1039 2320 hee
1053 2256 1189 2323 verbum
1211 2256 1289 2322 alibi

222 2364 308 2450 poni,
340 2370 378 2429 ut
408 2364 442 2429 in
464 2363 545 2450 Arg.
573 2362 609 2428 Π
631 2365 696 2430 320
726 2363 755 2428 εἰ
780 2361 914 2448 πείρετε,
947 2361 997 2427 IV
1020 2365 1096 2448 306,
1127 2358 1203 2447 398,
1235 2386 1287 2431 me

221 2469 330 2556 legere
345 2491 410 2536 non
426 2471 566 2538 memini.
602 2470 710 2535 Huius
724 2469 816 2536 verbi
830 2475 993 2536 structura
1007 2470 1118 2536 similis
1133 2476 1181 2537 est
1195 2472 1287 2538 verbi

219 2575 347 2664 τέμνειν.
394 2577 443 2645 Of.
467 2576 503 2642 H
525 2579 590 2644 333
618 2577 707 2661 (ἁλός
730 2576 912 2660 στεινωπόν)
943 2583 976 2642 et
1006 2577 1057 2642 IV
1080 2579 1145 2644 225
1171 2576 1286 2644 πόντον

219 2684 349 2770 ἔταμνεν
371 2693 448 2770 νηῦς
476 2686 509 2770 (γ
535 2685 607 2768 175,
630 2704 647 2750 ν
671 2685 747 2768 88),
779 2704 845 2750 aee.
869 2705 979 2770 appos.
1003 2683 1133 2749 additur
1161 2683 1196 2748 H
1220 2688 1284 2752 903

218 2773 343 2875 (πλόοι)
373 2796 406 2856 et
434 2791 478 2856 ib.
515 2791 597 2856 1031
631 2788 723 2873 (Eur.
751 2790 877 2858 Phoon.
911 2791 961 2874 ι),
993 2790 1138 2857 absolute
1173 2797 1286 2858 eontra

218 2896 483 2964 eonsuetudinem
497 2896 651 2983 loquendi
673 2896 811 2963 eliorum
826 2901 1001 2985 usurpatur
1014 2896 1050 2962 11
1069 2898 1153 2962 1244
1169 2897 1283 2984 ἐπιπρὸ

216 3007 278 3091 γάρ
294 3005 360 3071 αἰὲν
381 3006 508 3092 ἔτεμνον
529 3002 708 3091 ἐσσυμένως
729 3010 763 3071 et
781 3003 831 3070 IV
848 3005 908 3071 771
927 3002 1004 3089 Ἶρις
1026 3003 1080 3068 ἀπ’
1096 3001 1282 3092 Οὐλύμποιο

216 3112 361 3198 θοροῦσα
386 3110 487 3198 τέμνε.
523 3149 563 3160 -
597 3120 731 3197 μετρεῖν,
756 3110 843 3199 quod
869 3111 934 3177 hue
955 3116 1090 3198 spectet,
1119 3111 1161 3177 ab
1184 3111 1281 3179 Hem.

217 3240 290 3284 eum
304 3241 370 3286 aee.
394 3217 530 3305 πέλαγος
546 3218 753 3306 coniungitur
772 3240 793 3305 γ
811 3221 883 3303 179,
904 3218 946 3285 ελ)
962 3219 1025 3306 Ap.
1041 3223 1150 3284 autem
1166 3219 1282 3286 eodem

215 3348 310 3393 sensu
346 3327 491 3393 absolute
525 3328 656 3414 ponitur
692 3326 710 3392 I
743 3329 808 3393 930
841 3327 970 3394 ἔνδοθεν
1006 3328 1106 3412 ἀκτῆς
1138 3325 1279 3413 μέτρεον,

215 3433 249 3499 Π
272 3436 348 3518 915,
371 3434 421 3500 IV
446 3436 540 3502 1779.

303 3541 429 3629 βάλλειν
452 3541 493 3608 de
515 3542 621 3608 fluviis
636 3549 826 3630 usurpatum
848 3564 914 3610 aee.
939 3544 1002 3609 obi.
1027 3543 1141 3631 recipit
1163 3544 1198 3609 H
1214 3547 1276 3613 401

214 3644 316 3726 Φοῖσις
339 3650 434 3735 εὐρὺν
458 3648 533 3735 ῥόον
556 3649 599 3727 εἰς
622 3650 686 3715 άλοι
709 3650 827 3737 βάλλει,
859 3649 909 3716 IV
933 3652 1008 3735 289,
1033 3652 1117 3735 326;
1147 3651 1188 3718 de
1211 3655 1278 3720 sole

213 3755 393 3821 exhibitum
416 3757 534 3844 legitur
565 3778 581 3822 ε
605 3757 669 3824 479
693 3762 768 3835 τοὺς
794 3779 838 3823 se.
861 3758 1004 3844 θάμνους
1025 3757 1132 3843 ἠέλιος
1155 3761 1279 3827 ἀκτῖσιν

212 3861 353 3948 ἔβαλλεν,
384 3868 421 3927 ut
452 3864 493 3928 de
525 3884 643 3929 aurora
673 3865 707 3929 in
739 3864 820 3952 Arg.
851 3865 901 3931 IV
933 3867 997 3932 885
1030 3867 1129 3952 ἀκρον
1161 3866 1277 3953 ἔβαλλε

212 3969 393 4055 φαεσφόρος
417 3971 550 4055 οὐρανόν
573 3969 665 4048 Ἠώς.
712 3971 799 4038 Usus
820 3973 1048 4056 intransitivus,
1073 3973 1128 4059 qui
1152 3971 1188 4037 Π
1212 3975 1275 4038 744
