2975 4392
648 256 869 327 ..39-

226 441 280 527 (od
304 430 334 506 Η
361 441 449 527 231).
495 441 546 507 De
577 441 674 506 huius
703 442 798 506 verbi
829 445 993 505 structura
1024 458 1097 504 eum
1127 438 1192 504 dat.
1216 437 1291 503 vide

226 549 320 615 infra.
351 588 393 598 -
424 557 536 634 κυρεῖν
565 548 652 636 apud
674 548 880 614 Herodotum
911 548 941 633 (Ι
965 549 1004 611 31
1031 546 1086 634 al.)
1119 551 1152 611 st
1179 552 1293 631 poetas

226 657 366 742 tragicos
393 656 447 740 (cf.
472 678 501 724 e.
525 678 551 723 ο.
576 655 692 722 Aeseh.
716 655 807 722 Pers.
834 657 910 737 797)
943 675 1016 719 cum
1038 674 1112 739 gen.
1136 652 1291 737 iungitur.

225 764 309 829 Item
331 764 527 829 construitur
549 763 611 828 hoe
626 763 762 829 verbum
785 763 818 827 in
834 761 914 848 Arg.
939 763 1053 828 11980
1077 762 1141 848 dap
1164 760 1292 843 κύρσειε

225 871 359 958 ἠπείρου
375 870 548 959 χθαμαλῆς
568 877 601 937 ct
622 871 832 957 compositum
849 871 1019 954 ἐπικυρεῖν,
1044 869 1132 955 quod
1146 869 1292 935 Homero

225 982 260 1046 in
274 1001 335 1046 usu
350 999 416 1045 non
432 980 628 1062 (55111342
643 978 728 1044 τάων
745 978 908 1062 αἰνοτάτης
923 998 967 1044 se.
981 979 1057 1062 νηὸς
1072 976 1292 1064 ἐπεκύρσαμεν

226 1087 281 1174 (cf.
297 1086 415 1153 Aesch.
431 1086 521 1153 Pers.
538 1087 626 1171 852).
665 1086 830 1150 Homerus
845 1105 918 1149 eum
934 1084 1034 1148 verbo
1049 1094 1160 1168 κυρεῖν
1175 1082 1212 1148 Ψ
1227 1087 1291 1150 428

227 1195 387 1278 dativum,
420 1191 444 1256 Γ
479 1195 521 1258 23
553 1197 662 1258 autern
693 1192 965 1279 praepositionem
1001 1188 1052 1255 ἐπί
1084 1197 1117 1256 et
1148 1191 1292 1258 dativum

227 1302 402 1387 coniungit.
427 1338 468 1349 -
492 1300 659 1386 τυγχάνειν
681 1299 774 1397 uerbi
797 1320 873 1364 usus
897 1300 927 1364 ΙΙ
946 1300 1029 1362 1197
1055 1319 1127 1363 μου
1144 1299 1292 1365 desciscit

227 1408 268 1473 ab
291 1407 467 1473 Homerico
491 1406 546 1493 (cf.
569 1403 597 1468 Ε
622 1406 685 1471 587
710 1406 777 1494 αλ).

315 1513 397 1580 Cum
412 1513 521 1580 uerbis
536 1514 632 1579 άντάν
648 1510 711 1598 (lv
727 1512 792 1577 845
808 1512 873 1597 aL),
899 1509 1050 1598 μεμαέναι
1064 1511 1127 1598 (IV
1143 1515 1207 1579 399
1224 1513 1291 1601 ολ),

227 1619 422 1705 trecoren
439 1620 502 1685 759
518 1620 583 1703 ολ),
600 1618 763 1704 ὁρμᾶσθαι
779 1618 809 1702 (Ι
828 1621 913 1702 131),
935 1618 1124 1704 ἁμαρτάνειν
1139 1618 1187 1705 (ΙΙ
1204 1622 1292 1702 623),

226 1750 309 1815 quae
331 1727 442 1792 similis
456 1727 525 1793 fere
548 1726 688 1791 notionis
702 1731 777 1790 sunt
792 1732 889 1812 atque
913 1746 1051 1813 eaquae
1074 1727 1171 1791 modo
1188 1728 1291 1810 attuli,

224 1835 288 1922 Ap.
311 1856 477 1922 nunquam
506 1833 694 1918 genetivum
725 1834 903 1919 coniungit,
934 1834 1022 1919 quod
1047 1834 1146 1900 Hom.
1170 1835 1293 1921 aliquot

224 1944 303 2008 loeis
324 1942 411 2009 facit.
450 1941 565 2027 Neque
588 1940 695 2006 verbis
718 1940 889 2028 λαγχάνειν
912 1946 945 2006 et
967 1941 1170 2006 τιτύσκεσθαι
1193 1963 1290 2027 gene-

224 2049 309 2114 tivus
331 2050 365 2113 in
380 2047 460 2134 Arg.
477 2047 660 2134 apponitur,
684 2048 740 2112 scd
762 2048 978 2131 accusativus3
1002 2048 1043 2115 oi.
1059 2048 1077 2111 I
1093 2051 1168 2133 920,
1196 2049 1291 2133 1226,

225 2155 260 2219 Π
276 2157 350 2239 258,
375 2157 459 2239 881,
482 2155 532 2219 IV
548 2156 623 2220 248.
662 2154 831 2242 λαγχάνειν
853 2155 919 2220 iam
942 2155 983 2220 ab
998 2155 1143 2221 Homero
1166 2158 1293 2242 saepius

225 2282 298 2326 curn
321 2262 503 2327 accusativo
534 2261 589 2347 (cf.
613 2259 639 2325 Δ
661 2263 704 2326 49
728 2263 783 2345 al.)
814 2283 910 2348 quam
934 2283 1006 2326 eum
1039 2264 1190 2348 genetivo
1215 2284 1289 2327 con·

224 2369 369 2454 iungitur
391 2365 433 2453 (Ω
451 2372 492 2435 78
515 2373 549 2433 ct
571 2369 692 2452 ε311).
727 2368 930 2434 τιτύσκεοθαι
953 2374 1062 2435 autem
1079 2371 1114 2434 iu
1136 2371 1192 2434 illc
1207 2369 1289 2456 Arg.

223 2476 295 2540 ioco
327 2475 390 2564 (IV
413 2476 491 2564 248)
522 2475 659 2563 parandi
690 2476 823 2541 notione
846 2476 957 2560 utitur,
991 2497 1054 2563 quo
1077 2497 1172 2542 sensu
1204 2477 1290 2563 apud
1431 2518 1433 2525 ›

225 2582 321 2649 Hom
346 2603 476 2670 quoque
508 2603 573 2649 aco.
605 2581 754 2647 adsciscit
786 2581 839 2665 (cf.
864 2580 896 2645 Φ
921 2583 1010 2671 343).
1056 2582 1182 2649 Eodem
1212 2604 1290 2649 vero

224 2689 414 2775 significatu,
444 2709 508 2776 quo
531 2689 676 2754 Homero
707 2690 858 2774 genetivo
890 2690 1036 2754 iunctum
1067 2690 1291 2777 frequentatur

224 2794 278 2878 (ef.
302 2794 331 2858 A
354 2798 419 2861 350
443 2796 509 2884 ελ),
541 2797 576 2861 in
605 2796 686 2882 Arg.
715 2814 781 2861 nou
814 2797 987 2862 invenitur.
1019 2835 1060 2844 -
1086 2797 1225 2883 κιχάνειν
1258 2802 1292 2862 et

225 2902 413 2989 κιχάνεσθαι
427 2908 566 2989 uterquc
580 2909 678 2990 poeta
693 2905 876 2969 accusativo
892 2904 1077 2989 subiungit3
1102 2904 1141 2970 cf.
1158 2904 1176 2967 I
1194 2906 1289 2988 1158,

224 3008 274 3074 IV
299 3009 372 3094 760,
401 3010 503 3094 1482;
536 3008 564 3073 Β
591 3012 652 3076 188
676 3011 717 3077 al.
743 3050 785 3058 —
810 3009 994 3091 ἀκοντίζειν·
1013 3011 1065 3093 (cf.
1090 3010 1122 3075 N
1148 3013 1209 3075 183
1233 3010 1290 3098 al.)

224 3123 258 3182 et
278 3115 469 3198 τοξάζεσθαι
490 3118 528 3203 (θ
550 3118 629 3206 218)
652 3118 826 3205 Apollonio
849 3119 971 3184 nonin
993 3138 1053 3183 usu
1076 3123 1160 3183 sunt.

313 3225 391 3290 εἶναι
414 3246 487 3290 cum
509 3246 583 3311 gen.
606 3226 796 3312 possessoris
819 3225 1034 3310 coniunctum,
1066 3226 1152 3311 quod
1175 3231 1290 3313 poetae

224 3331 374 3413 Homero,
393 3333 586 3418 posteriores
610 3333 663 3413 (cf.
679 3332 759 3399 Hes.
776 3332 821 3399 th.
839 3336 917 3416 321)
941 3339 975 3399 ct
996 3353 1110 3420 prosae
1136 3335 1291 3400 orationis

225 3438 396 3524 scriptores
427 3440 593 3523 exhibent,
624 3436 674 3505 IV
706 3439 769 3504 377
801 3442 831 3505 εἴ
861 3460 916 3506 κεν
947 3439 988 3525 δή
1018 3462 1056 3526 με
1086 3440 1289 3527 κασιγνήτοιο

226 3544 360 3634 δικάσσῃ
385 3547 515 3633 ἔμμεναι
539 3549 630 3624 οὗτος
653 3544 730 3625 ἄναξ
753 3552 868 3612 exstat.

313 3651 353 3717 In
373 3653 566 3740 usurpandis
579 3653 736 3740 implendi
750 3654 858 3719 verbis
873 3653 936 3741 Ap.
953 3675 973 3718 a
990 3674 1138 3720 sermone
1153 3655 1290 3722 Homeri

225 3779 290 3824 non
308 3760 459 3827 deflectit.
497 3761 653 3827 Censores
672 3759 808 3845 πλήθειν
832 3758 885 3825 ΠΙ
904 3763 966 3825 271
991 3759 1032 3842 (8
1049 3763 1114 3826 214
1131 3763 1196 3847 ελ),
1218 3784 1290 3848 πιμ-

224 3867 339 3933 πλάναι
353 3867 372 3932 I
390 3869 474 3934 1052
491 3868 590 3954 (apud
605 3868 703 3934 Hom.
720 3866 751 3931 Π
768 3870 809 3933 72
824 3868 890 3952 ολ),
907 3867 1097 3956 ἐμπιπλάναι
1112 3868 1130 3933 Ι
1147 3871 1220 3952 697,
1236 3868 1289 3933 ΙΠ

228 3976 323 4058 1350,
333 3973 430 4039 1717
444 3972 489 4058 (Φ
499 3978 557 4040 311
568 3975 633 4058 ολ).
651 3973 788 4039 Generis
797 3975 915 4060 passivi
924 3974 1047 4041 formae
1057 3975 1148 4040 verbi
1155 3972 1290 4057 πλήθειν
