2975 4392
621 231 821 293 ,g-

185 409 240 473 elii
262 429 388 494 semper
415 409 615 491 intransitive
647 413 822 493 usurpent3
851 406 914 492 Ap.
940 412 1047 472 eutem
1078 406 1253 471 insolenter

185 515 346 580 obiectum
375 515 465 579 addit
494 515 547 579 ΙΠ
570 517 634 579 215
658 513 833 598 τεθηπότες
856 514 941 598 ἕρκε’
967 515 1102 589 ἄνακτος
1126 512 1250 595 εὐρείας

185 643 219 685 τε
234 621 336 698 πύλας
345 624 406 686 οιαὶ
418 620 530 698 κίονας.
556 621 711 686 Similiter
722 621 757 684 in
764 619 866 706 Verg.
878 620 962 685 Aen.
975 619 1010 684 II
1023 622 1066 684 el·
1082 623 1249 702 ,stupere“

186 728 390 792 construitur.
413 766 454 775 —
476 726 584 792 Etiam
600 726 815 813 μεταβλέπειν,
840 726 925 812 quod
942 730 1017 791 ante
1032 725 1095 812 Ap.
1112 730 1253 790 aetatem

185 856 251 898 non
274 836 307 898 iu
330 856 390 898 usu
414 841 471 917 est,
495 855 562 899 aco.
587 835 650 900 obi.
675 834 822 898 adsciscit
844 833 861 897 I
886 835 949 898 736
974 831 1118 917 ῥηίτερόν
1141 853 1197 897 ιιεν
1219 832 1251 909 ἐς

185 939 290 1023 ἠέλιον
315 940 440 1005 ἀνιόντα
464 943 538 1005 ὄσσε
562 940 680 1027 βάλοις,
704 939 726 1024 7)
750 948 836 1006 κεῖνο
859 938 1086 1025 μεταβλέψειας
1108 939 1250 1022 ἔρευθος.

274 1046 458 1113 Verborum
479 1048 608 1113 dicendi
624 1068 700 1111 usus
715 1048 825 1134 aliqua
847 1069 889 1112 ex
904 1053 996 1133 porte
1019 1046 1061 1111 ab
1077 1045 1252 1111 Homerico

186 1154 291 1219 distat.
330 1153 414 1217 Nem
438 1155 536 1218 αὐδᾶν
552 1155 648 1219 Hom.
673 1175 737 1217 uon
754 1154 858 1217 solum
881 1174 953 1218 eum
973 1173 1038 1217 ace.
1056 1152 1107 1217 rei‘
1126 1150 1171 1235 (K
1187 1154 1246 1216 461

186 1262 251 1344 el),
268 1265 304 1324 ut
318 1259 382 1346 Ap.
399 1260 452 1324 III
471 1262 565 1341 1078,
582 1261 638 1325 sed
655 1261 752 1325 etiam
769 1281 842 1324 eum
857 1281 924 1326 ccc.
941 1280 1098 1345 personae
1114 1255 1156 1342 (Θ
1174 1258 1251 1343 200)

187 1372 219 1430 et
242 1387 316 1429 oum
338 1365 459 1452 duplici
488 1388 553 1431 aec.
579 1364 619 1452 (Ε
647 1366 722 1451 170)
747 1367 923 1452 coniungit.
956 1365 1008 1430 HI
1034 1367 1119 1431 1158
1143 1371 1253 1430 autem
1301 1448 1303 1451 v

188 1474 253 1536 οὔτ’
277 1473 413 1557 αὐδῆσαι
443 1472 627 1560 ἀνειρομένη
653 1471 781 1556 λελίητο
814 1474 921 1537 dativo
951 1494 1034 1559 pers.
1066 1472 1252 1537 adiunctum

186 1580 345 1665 significet
370 1580 559 1661 ,certiorem
574 1579 682 1645 fecere
698 1580 858 1666 aliquem“
885 1579 998 1665 (Soph.
1014 1578 1092 1644 Aut.
1120 1581 1195 1661 227,
1212 1578 1251 1643 Ο.

186 1687 227 1752 R.
253 1689 341 1769 392).
366 1725 406 1733 -
431 1686 505 1750 Nou
536 1687 672 1772 simplex
694 1686 831 1751 verbum
854 1686 964 1754 εἰπεῖν,
982 1685 1067 1772 opud
1091 1683 1154 1769 Ap.
1179 1704 1253 1748 cum

187 1813 252 1858 coe.
285 1814 367 1878 pers.
397 1793 613 1878 coniungitur,
647 1798 683 1857 ut
710 1791 797 1878 apud
825 1793 921 1858 Hom.
957 1791 1010 1877 (cf.
1039 1788 1071 1854 M
1095 1793 1147 1874 60,
1177 1792 1252 1872 210,

186 1898 292 1964 Ρ237
317 1899 383 1985 αλ),
414 1900 471 1964 sed
495 1899 706 1984 compositum
727 1908 904 1982 προςειπεῖν
934 1898 1053 1963 11336
1079 1897 1133 1983 (cf.
1154 1895 1252 1978 Η46,

188 2003 215 2069 Θ
240 2008 317 2089 280)
345 2012 378 2070 et
400 2004 616 2089 supereminere
647 2005 664 2069 Ι
688 2008 762 2087 711,
789 2008 862 2083 792,
886 2005 939 2069 ΙΙΙ
962 2007 1037 2095 433,
1068 2010 1104 2068 ut
1126 2004 1254 2091 saepius

187 2113 273 2198 apud
295 2114 435 2197 tragicos
459 2112 512 2194 (of.
536 2112 654 2177 Aesch.
679 2111 737 2178 oh.
767 2115 838 2193 110,
863 2110 926 2198 Ag.
954 2114 1059 2194 1291,
1083 2111 1182 2198 Soph.
1199 2110 1252 2176 Ar.

189 2222 251 2283 857
260 2242 267 2301 ;
284 2219 363 2284 Eur.
379 2220 477 2306 Hipp.
496 2223 560 2301 99).
579 2229 735 2304 μετειπεῖν
752 2226 861 2284 autem
876 2219 1020 2285 Homero
1037 2224 1253 2305 congruenter

188 2327 296 2391 dativo
319 2326 474 2411 iungitur,
498 2327 587 2392 velut
618 2325 733 2408 1331,
759 2328 834 2408 864,
859 2325 1010 2410 111522,
1041 2325 1091 2390 IV
1114 2328 1176 2390 881
1210 2322 1252 2408 (Β

189 2437 252 2497 336
276 2433 340 2520 αλ).
370 2471 412 2503 .—
436 2433 583 2519 περιβοᾶν
608 2433 859 2519 (,dirulgsrc“),
887 2433 974 2519 quod
997 2434 1091 2499 tmesi
1105 2432 1253 2519 ‚diuisum

187 2541 307 2625 legitur
329 2539 382 2603 III
407 2542 470 2606 792
501 2540 600 2623 τηλοῦ
624 2540 659 2605 δὲ
682 2540 772 2616 πόλις
794 2542 867 2624 περὶ
888 2551 977 2605 πᾶσα
999 2538 1109 2625 βοήσει
1132 2539 1252 2625 πότμον

188 2646 273 2732 ἐμόν,
299 2651 374 2711 oute
397 2647 459 2732 Ap.
483 2652 630 2732 tempora
661 2668 726 2711 uon
750 2653 865 2712 exstat.
896 2685 940 2694 —
972 2646 1135 2731 ἀγορεύειν
1159 2646 1212 2732 (ef.
1229 2646 1253 2710 Ἰ

189 2757 264 2836 649,
287 2756 476 2836 847,1106,
500 2752 553 2816 III
569 2755 644 2837 458,
669 2755 744 2837 544,
765 2756 859 2837 1168,
883 2753 933 2818 IV
949 2756 1033 2837 845;
1056 2752 1089 2818 X
1105 2756 1169 2820 385
1185 2754 1253 2840 αλ),
1356 2762 1360 2777 ”

188 2863 273 2925 seeo
296 2859 359 2945 (ru
378 2862 459 2943 1473
475 2838 512 2927 'u
529 2861 590 2924 461
617 2861 683 2943 u),
708 2861 816 2925 ευτειν
840 2860 892 2942 (of.
917 2859 967 2924 lv
988 2863 1070 2925 1337
1095 2865 1128 2927 et
1154 2862 1252 2942 17023

188 2966 217 3030 A
233 2969 311 3052 258)
332 2967 418 3053 apud
434 2974 606 3053 utrumque
622 2973 752 3054 poetam
768 2989 834 3033 coc.
859 2968 923 3033 obi.
940 2968 1119 3033 adsciscere
1134 2969 1252 3049 solent,

189 3076 294 3139 ἀυτεῖν
314 3081 423 3139 eutem
438 3076 500 3161 Ap.
525 3096 700 3161 uunquam,
725 3075 759 3139 id
780 3075 867 3161 quod
882 3075 1073 3141 H0m4faoit
1088 3075 1143 3161 (cf.
1159 3074 1183 3138 Υ
1199 3077 1251 3155 50,

188 3178 220 3242 Φ
249 3184 336 3263 582),
368 3181 511 3247 absolute
534 3176 634 3268 pouit.
660 3219 701 3230 —-
725 3191 931 3267 παρηγορεῖν,
957 3183 1092 3251 verbum
1117 3181 1253 3246 Homeri

187 3307 252 3351 non
288 3289 461 3372 peculiare,
495 3309 569 3352 cum
602 3309 666 3354 coc.
696 3290 841 3354 iunctum
869 3289 1027 3375 significet
1053 3288 1249 3370 ,consoleri“

187 3393 204 3457 Ι
232 3396 296 3459 294
324 3393 381 3478 τήν
410 3417 447 3481 γε
477 3395 602 3460 ἐπέεσσι
631 3396 840 3481 παρηγορέων
872 3395 1063 3480 προςὲειπεν,
1097 3395 1150 3460 III
1177 3398 1251 3476 610,

187 3500 236 3564 IV
263 3503 347 3565 1740
372 3501 424 3587 (cf.
449 3502 565 3568 Aesoh.
591 3502 681 3568 Pers.
706 3503 796 3590 530).
836 3503 981 3569 Similem
1004 3502 1168 3568 notionem
1191 3503 1253 3571 hoo

187 3607 321 3673 verbum
345 3628 417 3671 cum
448 3630 513 3674 aee.
538 3610 748 3695 appositivo*)
772 3612 977 3676 coniunctum
1007 3609 1106 3675 hebet
1129 3610 1164 3675 II
1189 3612 1252 3675 622

275 3768 302 3834 *)
328 3768 372 3820 Sic
396 3783 458 3820 eum
485 3770 673 3822 accusativum
696 3771 835 3823 nominare
854 3771 947 3836 licent,
971 3785 1052 3839 quem
1078 3770 1252 3843 grammatici

185 3860 297 3909 nostroe
316 3858 418 3909 aetatis
437 3871 536 3909 vocare
555 3859 645 3911 solent
666 3859 748 3925 ,Aoo
772 3859 797 3912 d.
816 3859 904 3913 inner.
927 3858 1063 3926 Obiect.“,
1086 3858 1252 3929 Rumpelius

187 3949 279 4003 autem
298 3944 362 4015 (Zur
381 3945 487 4000 Oasusl.
509 3948 577 3999 1845
597 3963 622 4016 p.
643 3950 705 4014 157)
728 3948 971 4016 ,perutacticum“.
1005 3941 1008 3946 ’
