2975 4392
658 248 880 315 -47-

235 428 334 493 habet
366 431 496 513 11459,
532 430 577 495 111
609 433 661 514 69,
695 431 769 514 757,
803 429 851 496 17
875 432 949 513 318,
984 432 1059 513 562,
1095 433 1168 513 759,
1202 436 1238 494 ut
1267 430 1301 494 in

235 535 353 621 hymno
376 536 410 600 in
424 535 504 602 Pan.
525 538 599 619 15),
624 537 788 621 ἀφικάνειν
807 535 835 622 (1
855 538 915 601 177
935 534 1100 620 Πελλήνης
1114 534 1298 622 Ἀχαιίδος),

237 641 401 726 διακρίνειν
425 644 590 724 (1111129
614 644 650 707 οὐ
675 644 703 707 δ’
722 645 807 728 ἄμμε
830 643 997 728 διακρινέει
1020 643 1211 728 φιλότητος),
1237 644 1300 707 δια·

235 747 397 835 τρίβεσθαι
421 748 548 831 (11883
572 750 697 836 passive
720 756 929 836 usurpatum:
956 748 998 835 μή
1023 772 1051 814 τι
1067 749 1301 836 διατριβώμεθα

235 856 354 940 πείρης,
368 856 472 921 active
485 855 503 942 β
517 858 581 921 404
598 857 642 942 μη
656 857 743 940 δηθά
758 855 963 943 διατρίβωμεν
976 857 1066 921 ὁδοῖο
1078 878 1121 922 se.
1134 856 1298 944 ἑταίρους).

322 963 489 1028 Audacius
503 963 565 1050 Ap.
589 964 725 1029 verbum
749 963 869 1050 ἀνέχειν
893 983 967 1028 eum
989 986 1063 1049 gen.
1086 964 1177 1051 ponit
1199 962 1299 1030 1673

235 1071 294 1136 ἀνά
317 1070 345 1133 δ’
368 1070 485 1156 ἔσχεθε
508 1071 615 1154 δειρὴν
638 1079 757 1155 κυφοῖο
784 1069 991 1156 μεταφρένου,
1023 1092 1086 1156 quo
1108 1072 1143 1134 in
1165 1071 1236 1135 loeo
1259 1071 1299 1135 de

234 1176 413 1262 Polyxene,
438 1178 573 1243 muliere
592 1182 726 1242 exaatae
750 1179 864 1242 aetatis
880 1178 967 1260 diest,
992 1198 1077 1263 quae
1093 1183 1190 1263 eaput
1205 1199 1297 1242 suum
1436 1188 1439 1193 ’

234 1284 374 1369 quodam
400 1284 495 1348 modo
529 1285 750 1350 enervieibus
780 1285 868 1349 senio
901 1285 1041 1349 curvatis
1071 1285 1198 1349 attollit.
1245 1284 1298 1348 In-

233 1392 399 1457 transitire
423 1391 599 1477 Sophocles
621 1391 655 1455 id
677 1392 814 1457 verbum
837 1393 992 1456 translata
1015 1392 1140 1456 ratione
1164 1390 1300 1456 eolloeat

233 1498 266 1562 in
297 1499 378 1564 Oed.
406 1497 447 1566 R.
482 1500 543 1562 174
577 1500 650 1563 οὔτε
682 1499 820 1563 τάκοισιν
850 1499 936 1583 ἰηίων
967 1498 1117 1585 καμάτων
1150 1497 1299 1585 ἀνέχουσι

232 1614 389 1690 γυναῖκες.

320 1712 395 1777 Non
418 1718 547 1777 exstant
569 1713 656 1799 apud
678 1713 777 1777 Hom.
800 1713 975 1798 composita
999 1713 1147 1778 ἀντισπᾶν
1170 1711 1219 1796 (ΙΙ
1235 1715 1298 1777 598

233 1817 390 1904 Ἀθηναίη
416 1820 592 1886 ἀντέσπασε
615 1819 733 1904 πέτρης
756 1841 799 1884 aa.
823 1818 896 1904 νήια
919 1821 1043 1904 δοῦρα),
1069 1819 1299 1885 ἀποκίδνασθαι

233 1924 296 2011 (IV
321 1928 406 2011 133),
432 1927 610 2014 ἀπολείχειν
635 1927 696 2010 (17
720 1929 807 2010 478),
833 1926 974 1992 διειλώειν
1004 1927 1067 2011 (17
1091 1929 1132 1991 35
1157 1928 1297 2011 ἀφνειοῖο

233 2033 447 2098 διειλυσθεῖσα
466 2033 573 2119 δόμοιο
588 2034 703 2118 ληιάς),
722 2034 896 2118 ἐκρώεσθαι
912 2033 974 2114 (IV
987 2036 1052 2117 83),
1071 2032 1298 2118 ὑπεξερώεσθαι

236 2139 408 2223 (111181),
433 2140 575 2226 ἐκβλύειν
600 2141 873 2226 (171417γαίης
896 2140 1071 2227 ἐκβλύοντα
1088 2141 1185 2225 ῥέον),
1212 2140 1298 2225 ἐξάρ-

234 2247 347 2311 νυσθαι
370 2246 400 2331 (1
424 2250 511 2332 366),
536 2248 768 2314 ὑποτέλλεσθαι
800 2248 914 2332 (1183
938 2246 1044 2334 βρυχη
1069 2248 1096 2310 δ’
1119 2246 1298 2312 ὑπετέλλετ’

236 2353 392 2441 δδάντων),
417 2353 629 2433 ἐξανατέλλειν
646 2355 709 2442 (17
728 2358 812 2420 1423
828 2356 944 2442 χθονὸς
968 2353 1162 2433 ἐξανέτειλαν
1178 2353 1296 2443 ποίην),

234 2462 537 2542 κατακτεατίζεσθαι
561 2461 627 2548 (ΙΠ
645 2465 707 2527 136
731 2471 788 2547 τῆς
811 2483 853 2527 se.
872 2460 1006 2546 σφαίρας
1029 2463 1065 2525 οὐ
1083 2462 1159 2546 σώγε
1183 2461 1298 2547 μείλιον

233 2566 311 2631 ἀλλο
334 2577 449 2655 χειρών
473 2567 658 2654 Ἡφαίστοιο
682 2568 935 2655 κατακτεατίσση
960 2569 1088 2652 ἄρειον).
1208 2614 1212 2621 -

321 2675 378 2740 De
402 2697 488 2761 gen.
514 2677 854 2763 comparationis.
882 2674 1057 2760 περιώσιον,
1075 2696 1170 2761 quam
1186 2696 1299 2740 vocem

232 2781 329 2846 Hom.
346 2783 413 2847 sine
438 2804 513 2847 aaau
528 2784 620 2869 ponit
642 2782 696 2866 (ef.
713 2781 738 2845 Δ
755 2783 900 2866 mear),
925 2783 988 2868 Ap.
1007 2803 1080 2846 eum
1102 2803 1175 2867 gen.
1194 2781 1298 2847 ἀλλων

232 2888 338 2974 iungit
369 2888 474 2954 1466
497 2888 663 2973 περιώσιον
690 2888 794 2954 ἄλλων
818 2889 913 2965 κῦδος
945 2888 988 2955 ἐνί
1010 2887 1213 2974 πτολέμοισιν
1237 2887 1299 2953 ἀεί-

233 3017 329 3080 ρομαι
345 2995 398 3076 (ef.
415 2996 524 3082 hymn.
541 2996 575 3059 in
591 2995 663 3062 Oer.
682 2998 762 3078 3633
778 2995 873 3062 Pind.
889 2996 967 3062 Isth.
985 2998 1015 3079 5,
1034 2998 1077 3078 3).
1094 3032 1136 3043 -
1152 2995 1297 3061 Homero

232 3102 470 3188 frequentatam
487 3102 659 3166 formulam
675 3103 829 3188 loquendi
853 3101 965 3188 ἔξοχον
989 3102 1092 3172 ἀλλων
1109 3101 1299 3188 Apollonius

232 3210 330 3275 semel
361 3208 507 3279 exhibet,
523 3207 573 3273 17
597 3211 672 3274 792.
720 3209 924 3296 Superlativo
948 3209 1064 3295 gradui
1097 3230 1170 3294 gen.
1194 3208 1298 3275 ἀλλων

232 3315 376 3381 Homero
393 3322 524 3380 auctore
548 3313 597 3402 (Ψ
614 3318 677 3381 532
694 3322 727 3381 et
750 3338 766 3380 ε
785 3316 861 3403 105)
885 3317 1058 3402 apponitur
1076 3315 1094 3378 1
1113 3318 1175 3380 186
1197 3317 1298 3381 ποδω-

232 3422 406 3505 κηέστατον
430 3422 543 3505 ἀλλων,
568 3422 603 3486 Π
626 3426 689 3489 559
713 3423 854 3489 λοίσθιον
878 3423 991 3506 ἀλλων,
1016 3422 1066 3488 17
1082 3425 1145 3487 596
1171 3422 1298 3490 ἀλλάων

232 3548 274 3592 se.
293 3527 395 3613 νήσων
412 3530 544 3614 ὑπάτην.
580 3530 716 3595 Praeter
731 3530 818 3594 hune
842 3530 898 3594 alii
913 3530 1056 3616 genetivi
1079 3530 1112 3593 iu
1127 3530 1207 3615 Arg.
1225 3552 1298 3594 eum

232 3636 426 3721 superlativo
442 3658 507 3701 non
524 3638 774 3723 coniunguntur,
798 3658 995 3722 quamquam
1009 3636 1036 3700 ia
1056 3658 1133 3700 usus
1147 3658 1167 3700 a
1182 3643 1299 3701 natura

231 3742 386 3806 sermonis
409 3742 526 3808 Graeci
557 3765 623 3808 nou
649 3744 774 3809 alienus
797 3749 854 3809 est.
901 3743 1056 3809 Conferaa
1086 3764 1114 3808 e.
1139 3764 1166 3808 e.
1190 3743 1210 3807 λ
1233 3745 1297 3807 482

233 3857 301 3913 σεῖο
318 3849 528 3934 μακάρτατος.
568 3850 690 3915 Contra
706 3872 745 3916 ea
760 3849 824 3936 Ap.
841 3849 905 3914 alia
927 3852 1051 3915 ratione
1068 3850 1298 3936 superlativum

232 3955 368 4041 μάλιστα
390 3976 449 4041 pro
478 3957 694 4042 comparativo
720 3956 841 4041 μᾶλλον
873 3977 945 4020 eum
968 3957 1126 4043 particula
1148 3956 1169 4036 ἠ
1193 3954 1298 4035 iungit
