2975 4392
621 241 819 304 ..4-

189 438 208 483 e
242 417 396 485 sermonis
433 418 591 506 pedestris
625 419 834 507 scriptoribus
868 419 1027 488 Herodoti
1064 420 1254 485 elocutionis

188 526 324 612 vestigia
347 526 555 612 deprehendi.
600 526 755 592 Attamen
779 546 844 591 non
867 546 990 612 pauoae
1019 526 1198 592 locutiones
1220 527 1253 590 in

188 632 418 720 Argonautieis
447 634 561 700 obviae
591 638 723 718 restant,
754 655 891 721 quarum
913 635 1038 700 nullum
1068 635 1252 722 exemplum

187 742 221 805 in
244 741 334 806 libris
357 740 557 807 Graecorum
579 743 714 827 11661116,
739 743 797 829 qui
818 742 917 808 iidem
931 742 1106 829 Apollonio
1125 747 1252 828 praesto

188 854 290 931 erant,
308 850 515 935 reppererim.
549 849 577 915 E
594 850 711 936 quibus
726 850 902 915 nonnullae
918 849 1003 936 apud
1018 855 1131 935 poetas
1146 849 1253 936 epiros

187 956 361 1042 Apollonio
390 958 593 1043 posteriores,
625 978 705 1044 quos
727 957 796 1022 eius
818 957 995 1022 imitatores
1026 978 1094 1022 esse
1118 963 1251 1039 constat,

188 1070 371 1147 occurrunt,
395 1063 482 1150 quod
505 1064 674 1151 aliquoties
695 1065 729 1128 in
753 1064 831 1129 loeis
846 1064 1092 1129 notabilioribus
1115 1084 1252 1128 somme-

186 1170 390 1237 moravimus.

275 1276 315 1342 In
345 1279 613 1343 commentatione
644 1299 717 1344 mea
739 1278 940 1343 eonfioienda
969 1299 1022 1343 me
1045 1284 1078 1343 et
1109 1276 1251 1341 animad-

186 1385 386 1451 versionibus
398 1384 439 1451 R.
452 1385 612 1469 Merkelii‚
629 1387 762 1472 quaein
779 1385 1016 1471 prolegomenis
1032 1385 1073 1451 66
1088 1385 1253 1471 Apollonii

186 1492 410 1579 Argonautica
442 1492 628 1579 conseriptis
660 1493 775 1578 atque'
790 1493 824 1556 in
857 1492 1117 1557 adnotationibus
1148 1491 1252 1558 textui

187 1600 344 1685 poematis
359 1599 511 1664 subiectis
534 1599 744 1665 inveniuntur
760 1604 793 1665 61
809 1598 954 1665 Oholevii
976 1598 1253 1664 observationibus

187 1707 358 1771 annalibus
391 1705 587 1771 soholastiois
621 1727 649 1771 a.
686 1708 771 1772 1882
810 1706 968 1792 gymnasii
1001 1705 1252 1791 Regiomontani

187 1812 389 1899 (Kneiphof.)
412 1814 564 1900 praefixis
587 1813 733 1878 adiutum
758 1834 826 1879 esse
848 1819 942 1899 grato
959 1814 1066 1879 animo
1089 1812 1251 1898 profiteor.

276 1920 338 1985 His
359 1921 540 2006 praemissis
561 1941 630 1987 rem
652 1921 754 2007 ipsam
778 1919 1015 2006 aggrediamur.

331 2312 379 2392 Α.
428 2313 496 2393 De
526 2314 784 2395 nominativo
815 2315 860 2393 61
889 2312 1109 2392 vocativo.

276 2506 503 2572 Nominativus
541 2509 773 2572 exclamativus
819 2506 861 2572 ad
900 2506 1083 2594 exemplum
1117 2503 1253 2569 Homeri

189 2616 388 2701 aliorumque
411 2620 580 2702 poetarum
603 2616 723 2702 positus
754 2614 946 2700 compluries
968 2615 1001 2677 in
1024 2611 1254 2698 Argonautiois

188 2722 337 2787 oaaurrit.
386 2721 434 2787 Of.
458 2720 511 2785 HI
543 2722 649 2805 262‚*)
682 2723 756 2804 636,
782 2723 855 2803 674,
889 2722 962 2803 788,
993 2718 1042 2784 IV
1067 2721 1141 2802 676,
1169 2720 1251 2783 1047

187 2830 232 2913 (Α
256 2831 317 2895 231
344 2829 409 2913 al).

276 2936 308 3001 N
310 2937 475 3002 ominativi
506 2957 564 3024 pro
589 2936 727 3001 vocativi
760 2936 863 2999 forma
885 2934 947 3021 Ap.
979 2935 1080 2998 utitur
1107 2932 1160 2997 HI
1186 2937 1200 2996 1
1227 2932 1254 2994 εἰ

189 3045 217 3108 δ’
233 3044 299 3129 ἀ’γε
320 3054 384 3127 νῦν,
409 3041 543 3129 Ἐρατώ,
561 3045 649 3128 παρά
669 3044 827 3124 θ’ἵστασο,
846 3049 1025 3125 66116666,
1042 3039 1254 3106 utRzaohius

188 3151 345 3235 (Gramm.
363 3152 454 3218 stud.
472 3176 498 3219 a.
515 3153 578 3239 Ap.
595 3152 670 3235 Rh.‚
686 3150 827 3216 Vindob.
848 3151 944 3232 1878,
960 3172 992 3235 p.
1010 3152 1065 3230 83)
1082 3148 1252 3226 existimat,

188 3260 274 3345 quod
298 3261 446 3346 exemplo
470 3259 628 3324 Zenodoti
652 3266 829 3323 commotus
852 3260 901 3339 sit,
926 3257 981 3344 qui
1003 3253 1028 3318 Σ
1047 3257 1110 3319 386
1134 3253 1253 3318 61424

189 3364 294 3449 (Θέτις
307 3367 517 3449 τανύπεπλος)
534 3388 618 3431 nom.
632 3388 691 3452 pro
703 3387 772 3431 voa.
788 3364 958 3451 scripserit,
972 3362 1028 3426 sed
1040 3360 1127 3446 quod
1138 3366 1253 3447 poetae

188 3472 307 3539 formas
345 3493 428 3539 nom.
468 3480 500 3539 61
532 3494 621 3556 voe,
654 3473 809 3558 imprimis
842 3471 1007 3534 nominum
1039 3468 1253 3554 propriorum,

188 3601 419 3665 nonnunquam
442 3581 621 3666 promisoue
638 3578 846 3664 usurpabant.
874 3576 921 3641 Of.
947 3598 975 3639 e.
1000 3597 1030 3660 g.
1055 3570 1079 3636 Γ
1106 3575 1167 3638 277
1192 3571 1253 3638 Ζεῦ

278 3795 305 3862 1)
333 3794 366 3846 In
392 3794 581 3847 numeratione
607 3809 735 3846 versuum
762 3791 1013 3859 Argonautioorum
1038 3787 1170 3840 maiorem
1197 3788 1254 3839 odi·

189 3885 291 3938 tionem
310 3883 438 3936 Merkelii
461 3900 485 3938 a.
506 3886 574 3936 1854
600 3882 703 3935 editam
725 3884 837 3934 secutus
858 3894 926 3932 sum.
963 3877 1106 3931 Editiones
1131 3878 1252 3930 minores

190 3990 231 4027 aa.
254 3977 321 4027 1852
340 3977 369 4026 61
390 3976 458 4028 laea
478 3976 542 4026 sunt
562 3976 747 4041 stereotypae.
811 4032 818 4045 .
