2975 4392
661 237 883 302 ..19-

241 415 332 501 οίμον
355 413 484 481 ὁδεύειν.
531 414 576 480 Et
597 413 787 480 insolentius
817 412 866 478 IV
892 414 973 480 1441
1003 414 1059 479 ὀτε
1080 412 1186 500 χθόνα
1208 413 1304 492 πεζός

242 522 369 589 ὁδεύων.
393 520 443 586 lv
469 522 553 588 1253
577 523 659 587 αὐτὰ
680 519 824 587 κέλευθα
847 521 1031 607 episeopo
1054 518 1167 607 (Soph.
1187 519 1303 584 Traoh.

244 631 331 713 155).
376 628 426 695 Ν
452 631 533 695 1541
561 629 691 715 σκολιὴν
715 630 842 717 ἔρχεται
865 628 956 714 οίμον
979 627 1021 712 (Α
1048 630 1120 712 151,
1143 650 1164 713 γ
1186 629 1262 711 316,
1287 627 1305 707 ζ

244 739 317 821 165,
342 759 352 802 ι
375 738 451 821 261,
483 758 501 801 ο
527 738 590 819 13).
636 736 759 803 11903
783 742 816 802 at
842 737 923 803 1031
956 734 1068 822 τέμνον
1090 733 1190 801 πλόον
1212 732 1304 819 (Eur.

240 842 364 911 Phoon.
392 847 424 928 13
447 849 544 911 trans.
568 866 589 929 γ
614 844 677 909 175
700 842 820 929 τέμνειν
842 841 1002 929 πέλαγος).

330 951 392 1039 Ap.
409 951 549 1018 abstinet
563 950 671 1016 vorbis
693 952 840 1038 οἴχεσθαι
856 956 889 1017 et
903 950 1004 1033 πλεῖν,
1026 969 1109 1037 quae
1124 949 1222 1015 Hom.
1239 969 1305 1017 aoo.

242 1079 350 1146 appoa.
366 1058 472 1144 iungit
487 1056 541 1145 (of.
559 1058 577 1124 δ
593 1060 668 1142 393,
691 1080 712 1144 γ
731 1059 770 1121 71
789 1058 854 1141 al).
875 1056 917 1106 -'
938 1057 1049 1124 Verbo
1066 1067 1180 1142 φυσιᾶν
1195 1061 1308 1122 oontm

241 1165 453 1232 Homericum
479 1185 604 1232 morem
633 1163 788 1251 loquendi
816 1184 882 1232 aee.
911 1184 1020 1251 oppos.
1046 1163 1177 1230 additur
1204 1162 1239 1228 Π
1263 1164 1304 1228 87

241 1274 441 1358 (καματηρόν
457 1270 596 1358 ἀυτμένα
611 1271 808 1356 φυσιόωντε),
832 1271 885 1336 ΙΠ
902 1274 976 1355 410,
994 1274 1069 1355 496,
1089 1273 1173 1337 1303
1194 1268 1305 1357 (Soph.

242 1377 320 1445 Ant.
340 1380 448 1463 1238).
480 1380 612 1465 ἀμπνεῖν
627 1386 661 1446 et
675 1380 815 1446 ἐπιπνεῖν
830 1378 937 1446 verbis
951 1378 1038 1445 idem
1054 1399 1119 1444 σου.
1136 1376 1309 1464 apponitur

243 1484 297 1572 (of.
329 1485 382 1551 HI
414 1486 489 1569 231,
524 1488 627 1571 1292,
662 1487 714 1552 ΠΙ
749 1488 858 1573 1327),
891 1507 987 1574 quem
1018 1506 1111 1552 usum
1142 1483 1308 1550 novavisss

241 1591 371 1658 ridetur
393 1591 594 1680 Apollonius.
643 1592 789 1681 Simplex
811 1593 948 1660 verbum
973 1601 1061 1659 πνεῖν
1083 1591 1119 1657 Π
1142 1592 1206 1657 229
1236 1597 1309 1657 πνεῖ

242 1697 314 1765 τόδε
342 1699 379 1764 ού
409 1697 525 1784 τλητὸν
558 1698 651 1786 μένος
678 1700 780 1786 ὀδμῆς
808 1720 873 1766 aee.
898 1719 1007 1786 oppos.
1032 1699 1096 1764 alio
1127 1697 1309 1783 significatu

242 1811 338 1893 atque
370 1807 456 1893 apud
478 1807 577 1874 Hom.
605 1808 639 1873 in
670 1807 835 1873 locutione
867 1807 923 1872 illa
955 1804 1050 1892 μένεα
1078 1803 1236 1882 πνείοντες
1267 1800 1307 1887 (Β

242 1914 307 1979 536
327 1913 383 1995 al.)
406 1913 530 2000 recipit.
547 1951 590 1963 -
607 1915 743 1996 ἀναζιῖν,
768 1920 805 1979 ut
828 1912 990 1993 έξαναζεῖν
1012 1914 1046 1977 iu
1064 1911 1182 1978 Aesoh.
1198 1911 1306 1977 Prom.
1419 1908 1421 1911 ’

243 2021 308 2085 370
337 2019 470 2103 (τοιόνδε
494 2018 609 2105 Τυφὼς
634 2018 814 2102 ἐξαναζέσει
837 2019 957 2107 χόλον),
988 2040 1054 2085 aee.
1078 2039 1186 2106 oppos.
1210 2018 1309 2084 habet

242 2125 293 2191 IV
316 2128 378 2194 931
404 2125 606 2211 (ἀναζείουσα
628 2127 727 2216 βαρύν
749 2127 868 2216 χόλον).

332 2232 462 2319 ὀμνύναι
477 2233 573 2300 simili
594 2234 720 2301 ratione
735 2240 834 2322 atque
856 2235 890 2299 in
905 2234 1002 2301 Hom.
1028 2233 1224 2299 carminibus
1241 2254 1307 2301 ooo.

242 2360 350 2428 oppos.
375 2340 509 2407 exhibet
530 2341 565 2406 in
579 2339 660 2429 Arg.
700 2341 749 2412 cf.
772 2342 825 2408 ΠΙ
849 2344 913 2408 714
936 2338 1074 2429 Κόλχων
1098 2343 1195 2427 ὅρκος
1218 2341 1309 2406 ὅντιν’

242 2446 376 2534 ὀμόσσαι
399 2446 468 2513 κτλ.
493 2454 527 2514 ot
548 2447 598 2514 [v
622 2451 684 2516 797
716 2448 873 2534 πελώριον
897 2450 995 2534 ὅρκον
1018 2450 1154 2534 ὀμοσσεν
1177 2445 1220 2531 (Α
1244 2449 1309 2513 233

242 2555 307 2638 al).
353 2553 481 2643 Obieoti
503 2556 722 2621 aoouaativum
751 2555 828 2621 huie
850 2555 950 2622 verbo
979 2554 1125 2620 additum
1153 2553 1310 2621 habemus

241 2660 361 2727 11291
395 2660 506 2749 λοιβὴν
528 2660 650 2748 Στυγὸς
679 2663 804 2748 ύμοσεν
834 2668 867 2729 et
898 2662 951 2728 HI
975 2665 1039 2729 699
1072 2663 1187 2747 ὄμοσον
1210 2658 1309 2727 Γαῖάν

242 2788 276 2834 τε
297 2769 352 2834 οιαὶ
376 2764 519 2854 Οὐρανόν
541 2767 580 2853 (Ξ
602 2771 664 2834 271
691 2769 758 2857 al).

332 2875 384 2940 Do
413 2876 483 2942 eius
511 2876 685 2942 accusativi
717 2876 888 2963 appositivi
920 2897 991 2961 usu,
1022 2883 1059 2942 ut
1089 2896 1149 2963 pro
1180 2875 1310 2942 nomine

243 2982 387 3049 eiusdem
409 2983 515 3070 stirpis
529 2984 583 3050 vol
597 2983 708 3049 similis
730 2984 870 3048 notionis
885 2989 983 3071 atque
998 2984 1031 3048 in
1047 2984 1148 3050 verbo
1172 3004 1245 3048 oum
1268 3003 1307 3049 eo

243 3090 414 3156 ooniunoto
448 3090 542 3175 inest,
579 3089 710 3179 aliquod
745 3111 863 3157 nomen
895 3092 1041 3157 attributi
1075 3091 1144 3156 vioe
1168 3091 1310 3177 iungens

243 3197 425 3263 aoousativo
448 3202 597 3284 ponatur,
620 3218 704 3284 quae
727 3198 846 3263 loeutio
870 3198 934 3263 iam
955 3198 1099 3264 Homero
1121 3198 1240 3263 usitata
1262 3204 1310 3265 est

244 3302 297 3390 (of.
313 3326 342 3372 o.
359 3326 390 3392 g.
416 3303 532 3372 δαίσειν
554 3305 656 3391 γάμον
679 3303 813 3393 Τ299),
836 3306 971 3372 fortasse
994 3306 1026 3371 in
1043 3306 1114 3371 loeo
1138 3306 1193 3371 illo
1213 3326 1310 3393 saepe

243 3411 361 3478 iactato
385 3411 461 3479 libri
483 3410 528 3478 H.
552 3410 645 3500 Arg„
665 3414 721 3500 qui
743 3413 863 3500 legitur
885 3434 916 3480 ν.
941 3415 1004 3479 627
1029 3423 1082 3480 νύν
1105 3415 1140 3478 δέ
1161 3417 1310 3500 περισσόν

245 3518 339 3605 δεῖμα
367 3522 421 3586 καί
451 3516 607 3605 ἀτλήτους
640 3519 817 3606 μελεδῶνας
850 3523 997 3607 ὀγκειμαι
1027 3522 1163 3608 eogitari
1194 3528 1308 3610 potest.

245 3626 415 3711 ὀγιιεῖσθαι
451 3627 581 3715 quidem
620 3649 692 3694 eum
730 3649 796 3694 aaa.
838 3649 945 3715 appos.
984 3635 1202 3695 oomtruetum
1242 3630 1309 3695 siue

244 3734 392 3821 exemplo
416 3739 482 3818 est;
506 3741 540 3801 at
554 3735 691 3801 verbum
713 3735 850 3822 simplex
875 3736 1003 3802 κεῖσθαι
1026 3736 1102 3801 huio
1127 3736 1215 3801 oasui
1237 3736 1308 3802 iun·

244 3847 330 3906 otum
353 3841 508 3908 habemus
530 3842 563 3907 in
588 3841 686 3929 Sopb.
710 3842 794 3909 Phil.
819 3845 881 3908 145
905 3841 999 3909 τόπον
1016 3891 1049 3906 ..
1076 3845 1178 3909 ὀντινα
1204 3851 1307 3907 κεῖται

243 3955 277 4015 ot
299 3948 386 4036 apud
401 3948 624 4036 Thucydidem
640 3949 657 4014 Ι
673 3952 726 4033 37,
744 3954 764 4014 3
787 3949 809 4033 ι)
827 3948 916 4026 πόλις
940 3951 1044 4015 αὐτῶν
1060 3952 1136 4034 ἅμα,
1161 3949 1306 4031 αὐτάρκη

1169 4054 1202 4107 2*
