2975 4392
668 234 888 296 ..41-

248 411 409 493 ἄψαυστος
442 410 491 494 (ΙΙ
521 413 602 493 1133
639 410 736 495 Soph.
762 411 801 475 Ο.
825 411 866 475 R.
898 414 986 494 969),
1020 412 1146 491 έπάξιος
1178 415 1208 498 (Ι
1234 412 1313 500 150,

247 515 363 581 Aesch.
388 516 482 581 Eum.
504 519 587 600 2713
611 516 690 581 Eur.
714 517 833 582 Bacch.
853 517 940 604 716),
966 518 1127 596 ὑπακουὸς
1150 521 1200 585 IV
1219 525 1312 607 1381,

247 622 389 708 ὁμόγνιος
424 623 489 703 (ΙΠ
527 626 610 688 1076
649 630 682 688 et
713 624 764 688 IV
798 626 891 707 743),
933 625 1113 712 ῥαιστήριος
1148 628 1214 710 (ΙΠ
1250 633 1312 697 790

246 735 279 793 et
301 730 351 795 IV
375 731 464 818 921).

335 837 456 902 Contra
483 859 522 902 ea
545 838 586 903 ab
610 837 778 923 Apollonii
809 839 1040 903 consuetudine
1063 840 1217 927 loquendi
1239 851 1314 908 sunt

245 943 352 1009 aliena
367 945 526 1011 adiectiva
538 944 683 1010 Homero
699 945 832 1011 usitata:
850 944 1002 1031 ἀδαήμων
1018 945 1057 1030 (Ε
1071 951 1159 1031 634),
1172 951 1313 1036 ἄμμορος

245 1049 282 1133 (Σ
308 1051 397 1138 489),
421 1055 560 1128 ἄπυστος
583 1052 613 1135 (δ
629 1052 718 1139 675),
744 1053 819 1128 ἆτος
842 1050 881 1134 (Ε
899 1055 986 1136 388),
1012 1054 1149 1139 έμμορος
1171 1057 1207 1139 (0
1223 1059 1312 1145 480),

246 1157 399 1241 έπέληθος
427 1159 456 1242 (δ
487 1161 579 1241 221),
610 1157 779 1243 ἐπιστεφής
807 1155 848 1241 (Θ
872 1159 966 1243 232),
1000 1159 1127 1246 μνήμων
1159 1163 1195 1246 (d
1225 1163 1310 1250 163).

245 1262 404 1330 Absolute
427 1271 545 1348 autem,
571 1286 655 1351 quae
671 1264 768 1330 Hom.
794 1286 866 1329 cum
888 1288 961 1351 gen.
979 1268 1155 1353 coniungit,
1180 1270 1214 1333 in
1230 1270 1310 1356 Arg.

245 1377 441 1457 usurpantur
464 1372 623 1436 adiectiva
650 1374 789 1448 ἄπαστος
818 1372 868 1436 IV
895 1376 978 1438 1295
1010 1374 1040 1456 (δ
1065 1375 1151 1459 788),
1185 1378 1312 1461 ἀφνειός

244 1478 262 1541 Ι
286 1481 326 1542 57
351 1479 393 1543 al.
417 1475 456 1561 (Ε
482 1480 569 1562 544),
593 1478 704 1555 πλεῖος
727 1478 744 1542 Ι
768 1481 832 1543 472
856 1479 902 1562 (in
924 1478 963 1544 Il.
989 1478 1005 1542 Ι
1031 1481 1096 1568 71).

333 1584 544 1671 Participium
577 1585 782 1670 interdiceres
818 1586 1005 1670 genetivum
1033 1587 1133 1652 habet
1162 1587 1198 1652 II
1225 1592 1308 1655 1222

244 1690 429 1777 (πολέμοιο),
461 1697 497 1755 ut
520 1692 606 1777 apud
629 1692 726 1756 Hom.
752 1714 774 1776 φ
799 1695 862 1758 406
888 1692 1074 1779 (φόρμιγγος
1097 1697 1151 1758 καὶ
1175 1697 1310 1782 ἀοιδῆς);

244 1798 388 1863 dativum
411 1798 558 1862 adsciscit
587 1799 622 1862 iu
656 1798 756 1863 Iliade
781 1795 808 1861 0
833 1801 897 1863 282
922 1802 1063 1883 (ἄκοντι),
1097 1807 1134 1865 ut
1164 1802 1310 1868 similiter

245 1903 423 1990 ἐπιστήμων
440 1905 474 1969 in
491 1905 636 1990 Odyssea
650 1926 673 1968 π
687 1907 751 1970 374
767 1905 881 1991 (βουλη
898 1928 932 1969 τε
947 1906 1009 1991 νόῳ
1025 1907 1082 1994 τε).
1107 1908 1308 1995 δεδαημένος,

244 2013 449 2096 participium
465 2011 610 2077 Homero
634 2033 699 2076 non
715 2013 887 2094 usitatum,
911 2018 1018 2098 genet.
1043 2014 1077 2077 in
1092 2014 1172 2100 Arg.
1197 2017 1312 2102 recipit

244 2117 260 2181 Ι
287 2120 346 2181 147
373 2119 514 2202 (ἵππων),
538 2119 573 2183 ΙΙ
590 2122 653 2183 278
678 2118 814 2205 (ἄγρης),
839 2119 889 2184 IV
908 2122 991 2185 1278
1015 2124 1142 2204 (νηῶν),
1167 2122 1311 2188 dativum

244 2223 278 2287 in
293 2224 412 2310 hymno
428 2226 463 2289 in
477 2225 576 2291 More.
600 2228 663 2290 483
682 2225 802 2313 (τέχνη,
828 2227 944 2313 σοφίη).
980 2227 1180 2294 Infinitivum
1195 2229 1310 2316 δαήμε-

242 2352 290 2394 ναι
306 2331 402 2396 Hom.
428 2330 460 2394 Φ
476 2334 538 2396 487
565 2332 743 2418 (πολέμοιο)
768 2354 841 2397 cum
860 2354 933 2418 gen.
959 2336 1124 2402 construit.
1140 2337 1306 2402 -.Parti·

244 2438 327 2522 cipio
351 2438 441 2515 εἰδώς
457 2438 554 2504 Hom.
579 2440 707 2524 saepius
726 2440 913 2525 genetivum
936 2441 1027 2505 addit
1050 2440 1147 2524 (ο1.Β
1166 2446 1229 2507 718
1253 2445 1308 2532 al.)

243 2566 339 2630 quam
374 2547 591 2612 accusativum
631 2546 686 2630 (cf.
725 2547 742 2625 ζ
779 2550 818 2610 12
852 2547 922 2633 ai),
960 2569 1057 2633 quem
1093 2549 1156 2634 Ap.
1193 2550 1211 2614 I
1244 2554 1307 2615 598

243 2653 384 2738 apponit.
409 2693 451 2701 —
475 2653 578 2718 Verbi
604 2654 788 2739 ἀμηχανεῖν,
814 2654 854 2719 ab
870 2654 1006 2718 Homeri
1029 2676 1176 2721 sermone
1200 2658 1307 2741 alieni,

242 2759 446 2845 participium
485 2760 664 2845 praesentis
700 2760 734 2824 in
768 2759 848 2845 Arg.
884 2760 933 2824 IV
969 2764 1033 2825 692
1069 2763 1309 2850 (ἀμηχανέουσα

243 2866 385 2949 κιόντων)
409 2868 561 2952 genetivo
586 2867 778 2931 adnectitur.

330 2973 390 3038 De
420 2995 511 3059 gen.
542 2974 639 3039 loci.
697 2974 847 3039 Genetivi
881 2975 943 3039 loci
975 2975 1061 3039 nude
1095 2977 1190 3061 positi
1221 2979 1307 3063 apud

241 3080 452 3166 Apollonium
467 3081 568 3145 multo
584 3081 688 3144 rarius
703 3103 800 3166 quam
816 3081 903 3166 apud
918 3082 1098 3147 Homerum
1114 3090 1147 3147 et
1168 3085 1308 3170 tragicos

242 3193 354 3271 poetas
379 3193 562 3251 occurrunt.
602 3187 727 3273 Collegi
750 3189 864 3253 hosce:
897 3189 995 3252 αὐτοῦ
1021 3187 1050 3274 (Ι
1075 3192 1148 3271 329,
1172 3189 1207 3253 ΙΙ
1231 3193 1306 3274 497,

241 3293 293 3357 ΙΙΙ
320 3296 414 3377 1277,
439 3293 489 3358 IV
515 3296 597 3358 1657
607 3317 615 3377 3
644 3291 670 3355 B
696 3297 758 3357 237
785 3294 851 3381 aL),
876 3303 969 3360 νειοῖο
994 3295 1062 3376 (,‚in
1087 3300 1231 3381 campo“‚
1255 3297 1308 3361 HI

245 3403 351 3483 1056),
387 3399 533 3484 στηθέων
567 3400 634 3486 (ΙΙΙ
662 3403 727 3465 954
751 3401 896 3485 στηθέων
928 3401 1007 3486 ἐάγη
1036 3401 1132 3485 κέαρ,
1164 3403 1258 3468 aiiter
1287 3427 1308 3468 α

243 3507 330 3594 341),
353 3507 473 3594 χθονός
497 3507 559 3590 (ΙΙΙ
579 3510 662 3571 1478
679 3506 848 3592 Ἡρακλῆα
872 3507 1050 3592 ἀπειρεσίης
1073 3508 1172 3592 τηλοῦ
1188 3510 1307 3596 χθονὸς

243 3613 348 3677 εἴσατο
372 3612 517 3699 Λυγκεὺς
544 3617 605 3692 τὼς
630 3614 730 3697 ἰδέειν,
762 3615 804 3691 ὡς
831 3615 911 3696 κτλ,
940 3615 1108 3701 „Lynceus
1130 3616 1306 3681 Herculem

241 3719 274 3782 in
289 3720 444 3785 immensa
456 3721 612 3805 [Africae]
629 3727 716 3786 terra
731 3722 828 3807 longe
843 3722 1105 3807 progredientem
1123 3724 1306 3808 conspicere

241 3826 301 3890 sibi
324 3827 409 3890 visus
432 3834 480 3892 est
503 3831 524 3908 ).
550 3867 591 3875 —
616 3828 643 3892 Ε
667 3829 775 3894 verbis
799 3830 989 3914 compositis,
1014 3849 1097 3914 quae
1120 3831 1306 3915 genetivum

240 3934 420 4019 significatu
436 3935 532 3999 locali
548 3937 732 4018 admittunt,
750 3936 923 4000 dictionem
935 3936 1144 4001 Homericam
1160 3936 1307 3998 obtinent
