<?xml version="1.0" encoding="UTF-8"?>
<!DOCTYPE html PUBLIC "-//W3C//DTD XHTML 1.0 Transitional//EN"
    "http://www.w3.org/TR/xhtml1/DTD/xhtml1-transitional.dtd">
<html xmlns="http://www.w3.org/1999/xhtml" xml:lang="en" lang="en">
 <head>
  <title>
</title>
<meta http-equiv="Content-Type" content="text/html;charset=utf-8" />
  <meta name='ocr-system' content='tesseract 3.04.00' />
  <meta name='ocr-capabilities' content='ocr_page ocr_carea ocr_par ocr_line ocrx_word'/>
</head>
<body>
  <div class='ocr_page' id='page_1' title='image "./deapolloniirhod00apolgoog_0032.png"; bbox 0 0 2975 4392; ppageno 0'>
   <div class='ocr_carea' id='block_1_1' title="bbox 606 216 827 279">
    <p class='ocr_par' dir='ltr' id='par_1_1' title="bbox 606 216 827 279">
     <span class='ocr_line' id='line_1_1' title="bbox 606 216 827 279; baseline -0.014 -15"><span class='ocrx_word' id='word_1_1' title='bbox 606 216 827 279; x_wconf 77' lang='grc'><strong>...28-</strong></span> 
     </span>
    </p>
   </div>
   <div class='ocr_carea' id='block_1_2' title="bbox 505 390 927 496">
    <p class='ocr_par' dir='ltr' id='par_1_2' title="bbox 505 390 927 496">
     <span class='ocr_line' id='line_1_2' title="bbox 505 390 927 496; baseline -0.005 -22"><span class='ocrx_word' id='word_1_2' title='bbox 505 390 558 474; x_wconf 87' lang='lat'>0.</span> <span class='ocrx_word' id='word_1_3' title='bbox 608 392 676 474; x_wconf 86' lang='lat' dir='ltr'>De</span> <span class='ocrx_word' id='word_1_4' title='bbox 704 392 927 496; x_wconf 78' lang='lat' dir='ltr'>genetivo.</span> 
     </span>
    </p>
   </div>
   <div class='ocr_carea' id='block_1_3' title="bbox 400 539 923 655">
    <p class='ocr_par' dir='ltr' id='par_1_3' title="bbox 400 539 923 655">
     <span class='ocr_line' id='line_1_3' title="bbox 400 539 923 655; baseline -0.002 -18"><span class='ocrx_word' id='word_1_5' title='bbox 400 539 403 545; x_wconf 37' lang='lat'><strong>⁴</strong></span> <span class='ocrx_word' id='word_1_6' title='bbox 506 567 535 637; x_wconf 82' lang='lat' dir='ltr'>I.</span> <span class='ocrx_word' id='word_1_7' title='bbox 568 567 618 636; x_wconf 83' lang='lat' dir='ltr'>De</span> <span class='ocrx_word' id='word_1_8' title='bbox 640 566 804 652; x_wconf 73' lang='lat' dir='ltr'>genetivo</span> <span class='ocrx_word' id='word_1_9' title='bbox 827 583 923 655; x_wconf 84' lang='lat' dir='ltr'>poro.</span> 
     </span>
    </p>
   </div>
   <div class='ocr_carea' id='block_1_4' title="bbox 179 709 1251 4005">
    <p class='ocr_par' dir='ltr' id='par_1_4' title="bbox 179 709 1251 3472">
     <span class='ocr_line' id='line_1_4' title="bbox 269 709 1248 798; baseline -0.002 -22"><span class='ocrx_word' id='word_1_10' title='bbox 269 711 326 778; x_wconf 93' lang='lat' dir='ltr'>De</span> <span class='ocrx_word' id='word_1_11' title='bbox 349 731 436 798; x_wconf 81' lang='lat' dir='ltr'>gen.</span> <span class='ocrx_word' id='word_1_12' title='bbox 461 711 651 797; x_wconf 81' lang='lat' dir='ltr'>originis.</span> <span class='ocrx_word' id='word_1_13' title='bbox 686 709 767 776; x_wconf 80' lang='lat' dir='ltr'>Hius</span> <span class='ocrx_word' id='word_1_14' title='bbox 781 711 911 797; x_wconf 81' lang='lat' dir='ltr'>generis</span> <span class='ocrx_word' id='word_1_15' title='bbox 931 715 1103 795; x_wconf 81' lang='lat' dir='ltr'>struatura,</span> <span class='ocrx_word' id='word_1_16' title='bbox 1119 710 1248 797; x_wconf 89' lang='lat' dir='ltr'>qualem</span> 
     </span>
     <span class='ocr_line' id='line_1_5' title="bbox 180 814 1248 905; baseline 0 -23"><span class='ocrx_word' id='word_1_17' title='bbox 180 818 277 884; x_wconf 89' lang='lat' dir='ltr'>Hom.</span> <span class='ocrx_word' id='word_1_18' title='bbox 300 815 328 881; x_wconf 94' lang='lat' dir='ltr'>B</span> <span class='ocrx_word' id='word_1_19' title='bbox 353 820 416 883; x_wconf 99' lang='grc'>327</span> <span class='ocrx_word' id='word_1_20' title='bbox 445 814 574 903; x_wconf 83' lang='grc' dir='ltr'><strong>Ὀιλήος</strong></span> <span class='ocrx_word' id='word_1_21' title='bbox 606 819 706 904; x_wconf 81' lang='grc' dir='ltr'><strong>ταχὺς</strong></span> <span class='ocrx_word' id='word_1_22' title='bbox 732 815 813 895; x_wconf 84' lang='grc' dir='ltr'><strong>Αίας</strong></span> <span class='ocrx_word' id='word_1_23' title='bbox 840 817 950 902; x_wconf 85' lang='lat' dir='ltr'>habet,</span> <span class='ocrx_word' id='word_1_24' title='bbox 983 817 1069 905; x_wconf 93' lang='lat' dir='ltr'>apud</span> <span class='ocrx_word' id='word_1_25' title='bbox 1094 815 1158 904; x_wconf 81' lang='lat' dir='ltr'>Ap.</span> <span class='ocrx_word' id='word_1_26' title='bbox 1183 837 1248 882; x_wconf 92' lang='lat' dir='ltr'>non</span> 
     </span>
     <span class='ocr_line' id='line_1_6' title="bbox 180 923 1245 1011; baseline 0.002 -21"><span class='ocrx_word' id='word_1_27' title='bbox 180 924 330 1008; x_wconf 85' lang='lat' dir='ltr'>oeourrit,</span> <span class='ocrx_word' id='word_1_28' title='bbox 347 945 542 1011; x_wconf 88' lang='lat' dir='ltr'>quamquam</span> <span class='ocrx_word' id='word_1_29' title='bbox 565 923 800 990; x_wconf 74' lang='lat' dir='ltr'>recentioribus</span> <span class='ocrx_word' id='word_1_30' title='bbox 814 924 918 1011; x_wconf 91' lang='lat' dir='ltr'>poetis</span> <span class='ocrx_word' id='word_1_31' title='bbox 933 945 999 990; x_wconf 92' lang='lat' dir='ltr'>non</span> <span class='ocrx_word' id='word_1_32' title='bbox 1018 923 1173 990; x_wconf 85' lang='lat' dir='ltr'>inusitata</span> <span class='ocrx_word' id='word_1_33' title='bbox 1187 929 1245 992; x_wconf 89' lang='lat' dir='ltr'>est.</span> 
     </span>
     <span class='ocr_line' id='line_1_7' title="bbox 179 1028 1247 1118; baseline -0.001 -22"><span class='ocrx_word' id='word_1_34' title='bbox 179 1031 361 1098; x_wconf 89' lang='lat' dir='ltr'>Insolenter</span> <span class='ocrx_word' id='word_1_35' title='bbox 376 1031 471 1097; x_wconf 85' lang='lat'>1482</span> <span class='ocrx_word' id='word_1_36' title='bbox 487 1032 574 1117; x_wconf 86' lang='grc' dir='ltr'><strong>(νίας</strong></span> <span class='ocrx_word' id='word_1_37' title='bbox 585 1028 777 1114; x_wconf 81' lang='grc' dir='ltr'>Ἀλωιάδας)</span> <span class='ocrx_word' id='word_1_38' title='bbox 794 1051 866 1096; x_wconf 88' lang='lat' dir='ltr'>oum</span> <span class='ocrx_word' id='word_1_39' title='bbox 878 1031 1008 1098; x_wconf 90' lang='lat' dir='ltr'>nomine</span> <span class='ocrx_word' id='word_1_40' title='bbox 1023 1030 1247 1118; x_wconf 76' lang='lat' dir='ltr'>patronymico</span> 
     </span>
     <span class='ocr_line' id='line_1_8' title="bbox 179 1138 1249 1225; baseline 0 -22"><span class='ocrx_word' id='word_1_41' title='bbox 179 1139 214 1203; x_wconf 90' lang='lat' dir='ltr'>in</span> <span class='ocrx_word' id='word_1_42' title='bbox 228 1176 274 1189; x_wconf 90' lang='lat'><em>-</em></span> <span class='ocrx_word' id='word_1_43' title='bbox 289 1140 346 1223; x_wconf 89' lang='grc' dir='ltr'>δης</span> <span class='ocrx_word' id='word_1_44' title='bbox 362 1139 530 1206; x_wconf 77' lang='lat' dir='ltr'><strong>desinente</strong></span> <span class='ocrx_word' id='word_1_45' title='bbox 546 1138 612 1217; x_wconf 85' lang='grc' dir='ltr'><strong>οίάς</strong></span> <span class='ocrx_word' id='word_1_46' title='bbox 628 1159 694 1205; x_wconf 74' lang='lat' dir='ltr'>vox</span> <span class='ocrx_word' id='word_1_47' title='bbox 710 1138 926 1225; x_wconf 76' lang='lat' dir='ltr'>ooniungitur.</span> <span class='ocrx_word' id='word_1_48' title='bbox 959 1138 1123 1205; x_wconf 77' lang='lat' dir='ltr'>Homerus</span> <span class='ocrx_word' id='word_1_49' title='bbox 1140 1143 1249 1205; x_wconf 87' lang='lat' dir='ltr'>autem</span> 
     </span>
     <span class='ocr_line' id='line_1_9' title="bbox 179 1244 1246 1333; baseline -0.001 -23"><span class='ocrx_word' id='word_1_50' title='bbox 179 1246 240 1310; x_wconf 88' lang='lat' dir='ltr'>nisi</span> <span class='ocrx_word' id='word_1_51' title='bbox 262 1246 429 1313; x_wconf 77' lang='lat' dir='ltr'>adjectivis</span> <span class='ocrx_word' id='word_1_52' title='bbox 450 1246 680 1333; x_wconf 82' lang='lat' dir='ltr'>patronymiois</span> <span class='ocrx_word' id='word_1_53' title='bbox 701 1245 736 1310; x_wconf 92' lang='lat' dir='ltr'>in</span> <span class='ocrx_word' id='word_1_54' title='bbox 753 1283 794 1294; x_wconf 94' lang='lat'>—</span> <span class='ocrx_word' id='word_1_55' title='bbox 816 1267 860 1323; x_wconf 96' lang='grc' dir='ltr'><strong>ιος</strong></span> <span class='ocrx_word' id='word_1_56' title='bbox 882 1245 1077 1311; x_wconf 87' lang='lat' dir='ltr'>exeuntibus</span> <span class='ocrx_word' id='word_1_57' title='bbox 1098 1244 1246 1311; x_wconf 88' lang='lat' dir='ltr'>substan-</span> 
     </span>
     <span class='ocr_line' id='line_1_10' title="bbox 181 1350 1249 1440; baseline -0.003 -22"><span class='ocrx_word' id='word_1_58' title='bbox 181 1354 284 1420; x_wconf 84' lang='lat' dir='ltr'>tivum</span> <span class='ocrx_word' id='word_1_59' title='bbox 300 1353 366 1432; x_wconf 85' lang='grc' dir='ltr'><strong>υίάς</strong></span> <span class='ocrx_word' id='word_1_60' title='bbox 385 1374 451 1420; x_wconf 91' lang='lat' dir='ltr'>non</span> <span class='ocrx_word' id='word_1_61' title='bbox 467 1353 609 1440; x_wconf 84' lang='lat' dir='ltr'>apponit.</span> <span class='ocrx_word' id='word_1_62' title='bbox 645 1352 694 1419; x_wconf 82' lang='lat' dir='ltr'>Of.</span> <span class='ocrx_word' id='word_1_63' title='bbox 712 1351 913 1439; x_wconf 80' lang='grc' dir='ltr'>Τελαμώνιος</span> <span class='ocrx_word' id='word_1_64' title='bbox 930 1351 996 1429; x_wconf 79' lang='grc' dir='ltr'><strong>υἱός</strong></span> <span class='ocrx_word' id='word_1_65' title='bbox 1018 1350 1061 1439; x_wconf 81' lang='grc' dir='ltr'>(Α</span> <span class='ocrx_word' id='word_1_66' title='bbox 1077 1354 1152 1436; x_wconf 88' lang='grc'><strong>563,</strong></span> <span class='ocrx_word' id='word_1_67' title='bbox 1173 1354 1249 1436; x_wconf 98' lang='grc'><strong>591,</strong></span> 
     </span>
     <span class='ocr_line' id='line_1_11' title="bbox 179 1456 1248 1547; baseline 0 -24"><span class='ocrx_word' id='word_1_68' title='bbox 179 1457 208 1523; x_wconf 87' lang='lat' dir='ltr'>N</span> <span class='ocrx_word' id='word_1_69' title='bbox 232 1462 285 1545; x_wconf 95' lang='grc'>67,</span> <span class='ocrx_word' id='word_1_70' title='bbox 307 1458 333 1524; x_wconf 94' lang='grc' dir='ltr'>Ρ</span> <span class='ocrx_word' id='word_1_71' title='bbox 359 1462 446 1545; x_wconf 93' lang='grc'><strong>115),</strong></span> <span class='ocrx_word' id='word_1_72' title='bbox 469 1457 612 1545; x_wconf 98' lang='grc' dir='ltr'><strong>Νηλήιος</strong></span> <span class='ocrx_word' id='word_1_73' title='bbox 635 1458 663 1524; x_wconf 82' lang='grc'>5.</span> <span class='ocrx_word' id='word_1_74' title='bbox 689 1457 729 1543; x_wconf 91' lang='grc' dir='ltr'>(Β</span> <span class='ocrx_word' id='word_1_75' title='bbox 754 1459 822 1547; x_wconf 92' lang='grc'><strong>20),</strong></span> <span class='ocrx_word' id='word_1_76' title='bbox 846 1456 1032 1544; x_wconf 85' lang='grc' dir='ltr'><strong>Καπανήιος</strong></span> <span class='ocrx_word' id='word_1_77' title='bbox 1055 1459 1084 1524; x_wconf 84' lang='grc' dir='ltr'>ὑ.</span> <span class='ocrx_word' id='word_1_78' title='bbox 1108 1456 1148 1544; x_wconf 81' lang='grc' dir='ltr'>(Δ</span> <span class='ocrx_word' id='word_1_79' title='bbox 1172 1459 1248 1543; x_wconf 86' lang='grc'><strong>367,</strong></span> 
     </span>
     <span class='ocr_line' id='line_1_12' title="bbox 180 1564 1250 1654; baseline 0 -24"><span class='ocrx_word' id='word_1_80' title='bbox 180 1564 208 1630; x_wconf 89' lang='grc' dir='ltr'>Ε</span> <span class='ocrx_word' id='word_1_81' title='bbox 228 1569 300 1651; x_wconf 88' lang='grc'><strong>108,</strong></span> <span class='ocrx_word' id='word_1_82' title='bbox 326 1569 414 1650; x_wconf 90' lang='grc'>241).</span> <span class='ocrx_word' id='word_1_83' title='bbox 454 1566 611 1633; x_wconf 81' lang='lat' dir='ltr'>Similiter</span> <span class='ocrx_word' id='word_1_84' title='bbox 634 1566 712 1632; x_wconf 90' lang='lat' dir='ltr'>dioit</span> <span class='ocrx_word' id='word_1_85' title='bbox 734 1566 911 1654; x_wconf 79' lang='lat' dir='ltr'>Sophocles</span> <span class='ocrx_word' id='word_1_86' title='bbox 933 1566 968 1631; x_wconf 94' lang='lat' dir='ltr'>in</span> <span class='ocrx_word' id='word_1_87' title='bbox 982 1564 1036 1632; x_wconf 75' lang='grc' dir='ltr'>Αἱ.</span> <span class='ocrx_word' id='word_1_88' title='bbox 1064 1568 1127 1631; x_wconf 92' lang='grc'>134</span> <span class='ocrx_word' id='word_1_89' title='bbox 1150 1564 1250 1631; x_wconf 88' lang='grc' dir='ltr'><strong>Τελα-</strong></span> 
     </span>
     <span class='ocr_line' id='line_1_13' title="bbox 182 1671 1249 1760; baseline -0.003 -19"><span class='ocrx_word' id='word_1_90' title='bbox 182 1672 276 1760; x_wconf 80' lang='grc' dir='ltr'><strong>μώνιε</strong></span> <span class='ocrx_word' id='word_1_91' title='bbox 294 1683 355 1739; x_wconf 79' lang='grc' dir='ltr'>παῖ</span> <span class='ocrx_word' id='word_1_92' title='bbox 370 1679 404 1740; x_wconf 90' lang='lat' dir='ltr'>et</span> <span class='ocrx_word' id='word_1_93' title='bbox 417 1674 581 1740; x_wconf 78' lang='lat' dir='ltr'>Pindarus</span> <span class='ocrx_word' id='word_1_94' title='bbox 598 1674 633 1739; x_wconf 94' lang='lat' dir='ltr'>in</span> <span class='ocrx_word' id='word_1_95' title='bbox 649 1673 700 1741; x_wconf 90' lang='grc'>01.</span> <span class='ocrx_word' id='word_1_96' title='bbox 718 1675 805 1759; x_wconf 92' lang='grc'><strong>2,12</strong></span> <span class='ocrx_word' id='word_1_97' title='bbox 827 1673 853 1738; x_wconf 75' lang='lat' dir='ltr'>d&gt;</span> <span class='ocrx_word' id='word_1_98' title='bbox 868 1671 985 1759; x_wconf 83' lang='grc' dir='ltr'><strong>Κρόνιε</strong></span> <span class='ocrx_word' id='word_1_99' title='bbox 1001 1681 1070 1739; x_wconf 80' lang='grc' dir='ltr'><strong>παῖ.</strong></span> <span class='ocrx_word' id='word_1_100' title='bbox 1106 1671 1249 1759; x_wconf 79' lang='grc' dir='ltr'><strong>Νηλήιος</strong></span> 
     </span>
     <span class='ocr_line' id='line_1_14' title="bbox 180 1779 1250 1868; baseline 0 -22"><span class='ocrx_word' id='word_1_101' title='bbox 180 1802 239 1868; x_wconf 88' lang='lat' dir='ltr'>pro</span> <span class='ocrx_word' id='word_1_102' title='bbox 254 1779 442 1866; x_wconf 90' lang='grc' dir='ltr'><strong>Νηληιάδης</strong></span> <span class='ocrx_word' id='word_1_103' title='bbox 465 1802 538 1847; x_wconf 92' lang='lat' dir='ltr'>oum</span> <span class='ocrx_word' id='word_1_104' title='bbox 560 1781 690 1847; x_wconf 91' lang='lat' dir='ltr'>nomine</span> <span class='ocrx_word' id='word_1_105' title='bbox 713 1780 844 1867; x_wconf 86' lang='lat' dir='ltr'>proprio</span> <span class='ocrx_word' id='word_1_106' title='bbox 864 1779 1072 1845; x_wconf 85' lang='lat' dir='ltr'>ooniunotum</span> <span class='ocrx_word' id='word_1_107' title='bbox 1093 1779 1250 1846; x_wconf 89' lang='lat' dir='ltr'>habemus</span> 
     </span>
     <span class='ocr_line' id='line_1_15' title="bbox 180 1884 1247 1975; baseline -0.002 -23"><span class='ocrx_word' id='word_1_108' title='bbox 180 1888 270 1955; x_wconf 89' lang='grc'><strong>1156</strong></span> <span class='ocrx_word' id='word_1_109' title='bbox 284 1885 528 1974; x_wconf 77' lang='grc' dir='ltr'><strong>(Περικλύμενος</strong></span> <span class='ocrx_word' id='word_1_110' title='bbox 535 1885 705 1973; x_wconf 81' lang='grc' dir='ltr'><strong>Νηλήιος);</strong></span> <span class='ocrx_word' id='word_1_111' title='bbox 715 1885 877 1975; x_wconf 83' lang='lat' dir='ltr'>pariterK</span> <span class='ocrx_word' id='word_1_112' title='bbox 888 1889 928 1951; x_wconf 88' lang='lat'>18</span> <span class='ocrx_word' id='word_1_113' title='bbox 938 1885 1083 1973; x_wconf 77' lang='grc' dir='ltr'><strong>Νέστορα</strong></span> <span class='ocrx_word' id='word_1_114' title='bbox 1096 1884 1247 1972; x_wconf 91' lang='grc' dir='ltr'><strong>Νηλήιον.</strong></span> 
     </span>
     <span class='ocr_line' id='line_1_16' title="bbox 188 1991 1249 2081; baseline 0 -23"><span class='ocrx_word' id='word_1_115' title='bbox 188 2044 190 2047; x_wconf 79' lang='lat'><em>.</em></span> <span class='ocrx_word' id='word_1_116' title='bbox 270 1993 328 2060; x_wconf 91' lang='lat' dir='ltr'>De</span> <span class='ocrx_word' id='word_1_117' title='bbox 355 2015 443 2081; x_wconf 81' lang='lat' dir='ltr'>gen.</span> <span class='ocrx_word' id='word_1_118' title='bbox 466 1994 678 2061; x_wconf 87' lang='lat' dir='ltr'>materiae.</span> <span class='ocrx_word' id='word_1_119' title='bbox 714 1993 867 2060; x_wconf 79' lang='lat' dir='ltr'>Genetivi</span> <span class='ocrx_word' id='word_1_120' title='bbox 881 1993 1037 2060; x_wconf 86' lang='lat' dir='ltr'>materiae</span> <span class='ocrx_word' id='word_1_121' title='bbox 1058 2014 1134 2059; x_wconf 85' lang='lat' dir='ltr'>usus</span> <span class='ocrx_word' id='word_1_122' title='bbox 1147 1991 1249 2080; x_wconf 83' lang='lat' dir='ltr'>Apol·</span> 
     </span>
     <span class='ocr_line' id='line_1_17' title="bbox 180 2099 1251 2187; baseline 0.002 -23"><span class='ocrx_word' id='word_1_123' title='bbox 180 2100 329 2166; x_wconf 82' lang='lat' dir='ltr'>londanus</span> <span class='ocrx_word' id='word_1_124' title='bbox 356 2100 397 2166; x_wconf 93' lang='lat' dir='ltr'>ab</span> <span class='ocrx_word' id='word_1_125' title='bbox 424 2100 602 2166; x_wconf 89' lang='lat' dir='ltr'>Homerioo</span> <span class='ocrx_word' id='word_1_126' title='bbox 631 2120 697 2167; x_wconf 91' lang='lat' dir='ltr'>non</span> <span class='ocrx_word' id='word_1_127' title='bbox 729 2100 863 2168; x_wconf 79' lang='lat' dir='ltr'>resedit.</span> <span class='ocrx_word' id='word_1_128' title='bbox 914 2099 1070 2166; x_wconf 71' lang='lat' dir='ltr'>conferas</span> <span class='ocrx_word' id='word_1_129' title='bbox 1100 2099 1251 2187; x_wconf 85' lang='lat' dir='ltr'>exempla</span> 
     </span>
     <span class='ocr_line' id='line_1_18' title="bbox 181 2206 1248 2294; baseline -0.001 -22"><span class='ocrx_word' id='word_1_130' title='bbox 181 2228 265 2294; x_wconf 87' lang='lat' dir='ltr'>quae</span> <span class='ocrx_word' id='word_1_131' title='bbox 281 2213 410 2273; x_wconf 85' lang='lat' dir='ltr'>exstant</span> <span class='ocrx_word' id='word_1_132' title='bbox 424 2207 459 2273; x_wconf 91' lang='lat' dir='ltr'>H</span> <span class='ocrx_word' id='word_1_133' title='bbox 475 2210 518 2273; x_wconf 88' lang='grc'>34</span> <span class='ocrx_word' id='word_1_134' title='bbox 533 2207 724 2293; x_wconf 76' lang='grc' dir='ltr'><strong>καλαύροπα</strong></span> <span class='ocrx_word' id='word_1_135' title='bbox 739 2206 920 2293; x_wconf 78' lang='grc' dir='ltr'><strong>ὀριτρεφέος</strong></span> <span class='ocrx_word' id='word_1_136' title='bbox 935 2207 1080 2291; x_wconf 80' lang='grc' dir='ltr'><strong>κοτίνοιο,</strong></span> <span class='ocrx_word' id='word_1_137' title='bbox 1101 2207 1147 2274; x_wconf 88' lang='lat' dir='ltr'>ib.</span> <span class='ocrx_word' id='word_1_138' title='bbox 1164 2208 1248 2272; x_wconf 91' lang='grc'><strong>1172</strong></span> 
     </span>
     <span class='ocr_line' id='line_1_19' title="bbox 182 2313 1249 2403; baseline 0 -24"><span class='ocrx_word' id='word_1_139' title='bbox 182 2315 306 2402; x_wconf 83' lang='grc' dir='ltr'><strong>ἐσχάρη</strong></span> <span class='ocrx_word' id='word_1_140' title='bbox 330 2315 455 2398; x_wconf 82' lang='grc' dir='ltr'><strong>στιάων,</strong></span> <span class='ocrx_word' id='word_1_141' title='bbox 484 2313 538 2380; x_wconf 94' lang='lat' dir='ltr'>III</span> <span class='ocrx_word' id='word_1_142' title='bbox 561 2317 626 2380; x_wconf 92' lang='grc'>232</span> <span class='ocrx_word' id='word_1_143' title='bbox 653 2314 804 2403; x_wconf 79' lang='grc' dir='ltr'><strong>στιβαροῦ</strong></span> <span class='ocrx_word' id='word_1_144' title='bbox 828 2315 1007 2401; x_wconf 78' lang='grc' dir='ltr'><strong>ἀδάμαντος</strong></span> <span class='ocrx_word' id='word_1_145' title='bbox 1029 2317 1174 2400; x_wconf 83' lang='grc' dir='ltr'><strong>ἄροτρον,</strong></span> <span class='ocrx_word' id='word_1_146' title='bbox 1198 2313 1249 2379; x_wconf 82' lang='lat' dir='ltr'>lv</span> 
     </span>
     <span class='ocr_line' id='line_1_20' title="bbox 182 2419 1249 2507; baseline 0 -20"><span class='ocrx_word' id='word_1_147' title='bbox 182 2425 257 2506; x_wconf 90' lang='grc'><strong>973,</strong></span> <span class='ocrx_word' id='word_1_148' title='bbox 284 2423 380 2507; x_wconf 88' lang='grc'><strong>1178,</strong></span> <span class='ocrx_word' id='word_1_149' title='bbox 414 2424 597 2488; x_wconf 72' lang='lat' dir='ltr'>liddeum</span> <span class='ocrx_word' id='word_1_150' title='bbox 620 2422 804 2489; x_wconf 75' lang='lat' dir='ltr'>Homericis</span> <span class='ocrx_word' id='word_1_151' title='bbox 826 2420 859 2486; x_wconf 88' lang='lat' dir='ltr'><strong>K</strong></span> <span class='ocrx_word' id='word_1_152' title='bbox 882 2424 957 2506; x_wconf 86' lang='grc'><strong>262,</strong></span> <span class='ocrx_word' id='word_1_153' title='bbox 987 2419 1014 2485; x_wconf 87' lang='grc' dir='ltr'><strong>Σ</strong></span> <span class='ocrx_word' id='word_1_154' title='bbox 1038 2424 1104 2488; x_wconf 88' lang='grc'>574</span> <span class='ocrx_word' id='word_1_155' title='bbox 1127 2422 1169 2488; x_wconf 89' lang='lat' dir='ltr'>al.</span> <span class='ocrx_word' id='word_1_156' title='bbox 1213 2420 1249 2487; x_wconf 90' lang='lat' dir='ltr'>H</span> 
     </span>
     <span class='ocr_line' id='line_1_21' title="bbox 182 2528 1249 2616; baseline 0.001 -23"><span class='ocrx_word' id='word_1_157' title='bbox 182 2532 246 2594; x_wconf 84' lang='lat'>843</span> <span class='ocrx_word' id='word_1_158' title='bbox 279 2550 346 2615; x_wconf 90' lang='lat' dir='ltr'>seq.</span> <span class='ocrx_word' id='word_1_159' title='bbox 374 2528 437 2616; x_wconf 87' lang='lat' dir='ltr'>Ap.</span> <span class='ocrx_word' id='word_1_160' title='bbox 472 2550 541 2595; x_wconf 91' lang='lat' dir='ltr'>rem</span> <span class='ocrx_word' id='word_1_161' title='bbox 569 2529 617 2594; x_wconf 87' lang='lat' dir='ltr'>ita</span> <span class='ocrx_word' id='word_1_162' title='bbox 638 2528 753 2614; x_wconf 85' lang='lat' dir='ltr'>variat,</span> <span class='ocrx_word' id='word_1_163' title='bbox 785 2534 822 2594; x_wconf 87' lang='lat' dir='ltr'>ut</span> <span class='ocrx_word' id='word_1_164' title='bbox 844 2529 948 2616; x_wconf 88' lang='lat' dir='ltr'>primo</span> <span class='ocrx_word' id='word_1_165' title='bbox 979 2528 1249 2616; x_wconf 79' lang='lat' dir='ltr'>praepositionem</span> 
     </span>
     <span class='ocr_line' id='line_1_22' title="bbox 183 2633 1249 2723; baseline 0 -23"><span class='ocrx_word' id='word_1_166' title='bbox 183 2635 221 2700; x_wconf 83' lang='grc' dir='ltr'>ἐκ</span> <span class='ocrx_word' id='word_1_167' title='bbox 244 2656 317 2701; x_wconf 89' lang='lat' dir='ltr'>oum</span> <span class='ocrx_word' id='word_1_168' title='bbox 339 2635 538 2702; x_wconf 84' lang='lat' dir='ltr'>substantivo</span> <span class='ocrx_word' id='word_1_169' title='bbox 558 2635 728 2703; x_wconf 85' lang='lat' dir='ltr'>materiam</span> <span class='ocrx_word' id='word_1_170' title='bbox 751 2635 952 2722; x_wconf 76' lang='lat' dir='ltr'>significante</span> <span class='ocrx_word' id='word_1_171' title='bbox 973 2640 1075 2723; x_wconf 90' lang='lat' dir='ltr'>ponat</span> <span class='ocrx_word' id='word_1_172' title='bbox 1088 2633 1188 2720; x_wconf 90' lang='grc' dir='ltr'><strong>(νήιος</strong></span> <span class='ocrx_word' id='word_1_173' title='bbox 1211 2634 1249 2700; x_wconf 81' lang='grc' dir='ltr'>ἐκ</span> 
     </span>
     <span class='ocr_line' id='line_1_23' title="bbox 180 2739 1250 2829; baseline 0 -22"><span class='ocrx_word' id='word_1_174' title='bbox 180 2742 315 2808; x_wconf 79' lang='grc' dir='ltr'><strong>κοτίνοιο</strong></span> <span class='ocrx_word' id='word_1_175' title='bbox 330 2741 479 2828; x_wconf 79' lang='grc' dir='ltr'><strong>φάλαγξ),</strong></span> <span class='ocrx_word' id='word_1_176' title='bbox 501 2742 618 2808; x_wconf 88' lang='lat' dir='ltr'>deinde</span> <span class='ocrx_word' id='word_1_177' title='bbox 637 2743 825 2829; x_wconf 80' lang='lat' dir='ltr'>genetivum</span> <span class='ocrx_word' id='word_1_178' title='bbox 840 2743 944 2808; x_wconf 92' lang='lat' dir='ltr'>solum</span> <span class='ocrx_word' id='word_1_179' title='bbox 959 2739 1124 2829; x_wconf 88' lang='grc' dir='ltr'><strong>(φάλαγγα</strong></span> <span class='ocrx_word' id='word_1_180' title='bbox 1138 2741 1250 2808; x_wconf 84' lang='grc' dir='ltr'><strong>παλαι-</strong></span> 
     </span>
     <span class='ocr_line' id='line_1_24' title="bbox 180 2848 1245 2936; baseline -0.001 -20"><span class='ocrx_word' id='word_1_181' title='bbox 180 2849 285 2935; x_wconf 79' lang='grc' dir='ltr'><strong>γενέος</strong></span> <span class='ocrx_word' id='word_1_182' title='bbox 307 2849 450 2916; x_wconf 81' lang='grc' dir='ltr'><strong>κοτίνοιο.</strong></span> <span class='ocrx_word' id='word_1_183' title='bbox 475 2887 516 2899; x_wconf 94' lang='grc'>-</span> <span class='ocrx_word' id='word_1_184' title='bbox 546 2849 628 2916; x_wconf 79' lang='lat' dir='ltr'>Cum</span> <span class='ocrx_word' id='word_1_185' title='bbox 650 2850 759 2917; x_wconf 77' lang='lat' dir='ltr'>verbis</span> <span class='ocrx_word' id='word_1_186' title='bbox 780 2870 855 2936; x_wconf 84' lang='lat' dir='ltr'>gen.</span> <span class='ocrx_word' id='word_1_187' title='bbox 871 2854 948 2915; x_wconf 84' lang='lat' dir='ltr'>mat.</span> <span class='ocrx_word' id='word_1_188' title='bbox 966 2848 1111 2936; x_wconf 76' lang='lat' dir='ltr'>iungitur</span> <span class='ocrx_word' id='word_1_189' title='bbox 1132 2848 1168 2915; x_wconf 90' lang='lat' dir='ltr'>H</span> <span class='ocrx_word' id='word_1_190' title='bbox 1184 2851 1245 2917; x_wconf 88' lang='grc'>231</span> 
     </span>
     <span class='ocr_line' id='line_1_25' title="bbox 181 2955 1249 3044; baseline 0.001 -24"><span class='ocrx_word' id='word_1_191' title='bbox 181 2957 360 3042; x_wconf 84' lang='grc' dir='ltr'><strong>ἀδάμαντος</strong></span> <span class='ocrx_word' id='word_1_192' title='bbox 383 2955 578 3043; x_wconf 76' lang='grc' dir='ltr'><strong>ἐληλαμένον</strong></span> <span class='ocrx_word' id='word_1_193' title='bbox 604 2955 695 3043; x_wconf 81' lang='grc' dir='ltr'><strong>κίοιρ,</strong></span> <span class='ocrx_word' id='word_1_194' title='bbox 728 2955 783 3022; x_wconf 95' lang='grc' dir='ltr'>ΙΠ</span> <span class='ocrx_word' id='word_1_195' title='bbox 806 2959 870 3022; x_wconf 89' lang='grc'>232</span> <span class='ocrx_word' id='word_1_196' title='bbox 893 2955 1042 3044; x_wconf 79' lang='grc' dir='ltr'><strong>στιβαροῦ</strong></span> <span class='ocrx_word' id='word_1_197' title='bbox 1073 2956 1249 3043; x_wconf 77' lang='grc' dir='ltr'><strong>ἀδάμαντος</strong></span> 
     </span>
     <span class='ocr_line' id='line_1_26' title="bbox 181 3061 1249 3151; baseline 0.002 -23"><span class='ocrx_word' id='word_1_198' title='bbox 181 3066 317 3149; x_wconf 89' lang='grc' dir='ltr'><strong>άροτρον</strong></span> <span class='ocrx_word' id='word_1_199' title='bbox 340 3063 458 3149; x_wconf 87' lang='grc' dir='ltr'><strong>ήλασεν</strong></span> <span class='ocrx_word' id='word_1_200' title='bbox 481 3061 521 3149; x_wconf 85' lang='grc' dir='ltr'>(Σ</span> <span class='ocrx_word' id='word_1_201' title='bbox 545 3066 634 3148; x_wconf 86' lang='grc'><strong>564),</strong></span> <span class='ocrx_word' id='word_1_202' title='bbox 657 3062 711 3129; x_wconf 94' lang='lat' dir='ltr'>III</span> <span class='ocrx_word' id='word_1_203' title='bbox 735 3066 800 3130; x_wconf 91' lang='grc'>574</span> <span class='ocrx_word' id='word_1_204' title='bbox 824 3062 896 3151; x_wconf 81' lang='grc' dir='ltr'><strong>βόες</strong></span> <span class='ocrx_word' id='word_1_205' title='bbox 917 3072 1053 3151; x_wconf 85' lang='grc' dir='ltr'><strong>χρυσοῖο</strong></span> <span class='ocrx_word' id='word_1_206' title='bbox 1076 3063 1249 3151; x_wconf 75' lang='grc' dir='ltr'><strong>τετεύχατο</strong></span> 
     </span>
     <span class='ocr_line' id='line_1_27' title="bbox 181 3168 1248 3258; baseline 0.001 -24"><span class='ocrx_word' id='word_1_207' title='bbox 181 3169 390 3255; x_wconf 79' lang='grc' dir='ltr'><strong>κασσιτέροιο,</strong></span> <span class='ocrx_word' id='word_1_208' title='bbox 414 3170 458 3235; x_wconf 91' lang='lat' dir='ltr'>ib.</span> <span class='ocrx_word' id='word_1_209' title='bbox 476 3173 551 3255; x_wconf 88' lang='grc'><strong>613,</strong></span> <span class='ocrx_word' id='word_1_210' title='bbox 574 3170 609 3236; x_wconf 93' lang='grc' dir='ltr'>Π</span> <span class='ocrx_word' id='word_1_211' title='bbox 628 3172 710 3235; x_wconf 93' lang='grc'><strong>1171</strong></span> <span class='ocrx_word' id='word_1_212' title='bbox 736 3171 796 3257; x_wconf 86' lang='grc' dir='ltr'><strong>ήτε</strong></span> <span class='ocrx_word' id='word_1_213' title='bbox 817 3192 861 3236; x_wconf 89' lang='lat' dir='ltr'>so.</span> <span class='ocrx_word' id='word_1_214' title='bbox 883 3169 1007 3258; x_wconf 80' lang='grc' dir='ltr'><strong>ἐσχάρη</strong></span> <span class='ocrx_word' id='word_1_215' title='bbox 1030 3168 1109 3236; x_wconf 80' lang='grc' dir='ltr'>τέλε</span> <span class='ocrx_word' id='word_1_216' title='bbox 1124 3170 1248 3237; x_wconf 80' lang='grc' dir='ltr'><strong>στιάων.</strong></span> 
     </span>
     <span class='ocr_line' id='line_1_28' title="bbox 182 3275 1249 3365; baseline 0.004 -25"><span class='ocrx_word' id='word_1_217' title='bbox 182 3275 319 3343; x_wconf 83' lang='lat' dir='ltr'>Dativns</span> <span class='ocrx_word' id='word_1_218' title='bbox 351 3276 466 3344; x_wconf 89' lang='lat' dir='ltr'>eodem</span> <span class='ocrx_word' id='word_1_219' title='bbox 488 3299 583 3344; x_wconf 89' lang='lat' dir='ltr'>sensu</span> <span class='ocrx_word' id='word_1_220' title='bbox 614 3276 650 3342; x_wconf 90' lang='lat' dir='ltr'>H</span> <span class='ocrx_word' id='word_1_221' title='bbox 674 3280 738 3345; x_wconf 89' lang='grc'>695</span> <span class='ocrx_word' id='word_1_222' title='bbox 771 3276 878 3365; x_wconf 82' lang='grc' dir='ltr'><strong>βωμὸν</strong></span> <span class='ocrx_word' id='word_1_223' title='bbox 900 3277 1066 3344; x_wconf 79' lang='grc' dir='ltr'><strong>τετύκοντο</strong></span> <span class='ocrx_word' id='word_1_224' title='bbox 1095 3276 1249 3364; x_wconf 84' lang='grc' dir='ltr'><strong>χίρμασιν</strong></span> 
     </span>
     <span class='ocr_line' id='line_1_29' title="bbox 181 3382 653 3472; baseline 0.008 -25"><span class='ocrx_word' id='word_1_225' title='bbox 181 3382 236 3466; x_wconf 86' lang='lat' dir='ltr'>(of.</span> <span class='ocrx_word' id='word_1_226' title='bbox 260 3404 277 3448; x_wconf 94' lang='grc' dir='ltr'><strong>ο</strong></span> <span class='ocrx_word' id='word_1_227' title='bbox 304 3384 366 3448; x_wconf 93' lang='grc'>116</span> <span class='ocrx_word' id='word_1_228' title='bbox 390 3384 446 3472; x_wconf 83' lang='lat' dir='ltr'>al.)</span> <span class='ocrx_word' id='word_1_229' title='bbox 469 3389 653 3471; x_wconf 84' lang='lat' dir='ltr'>usurpatur.</span> 
     </span>
    </p>

    <p class='ocr_par' dir='ltr' id='par_1_5' title="bbox 181 3489 1251 3792">
     <span class='ocr_line' id='line_1_30' title="bbox 272 3489 1251 3579; baseline 0 -23"><span class='ocrx_word' id='word_1_230' title='bbox 272 3489 481 3556; x_wconf 81' lang='lat' dir='ltr'>Genetivi</span> <span class='ocrx_word' id='word_1_231' title='bbox 507 3491 653 3578; x_wconf 86' lang='lat' dir='ltr'>pretii,</span> <span class='ocrx_word' id='word_1_232' title='bbox 678 3491 734 3579; x_wconf 92' lang='lat' dir='ltr'>qui</span> <span class='ocrx_word' id='word_1_233' title='bbox 753 3490 900 3558; x_wconf 90' lang='lat' dir='ltr'>inHom.</span> <span class='ocrx_word' id='word_1_234' title='bbox 917 3489 1112 3557; x_wconf 89' lang='lat' dir='ltr'>oarminibns</span> <span class='ocrx_word' id='word_1_235' title='bbox 1127 3490 1251 3577; x_wconf 85' lang='lat' dir='ltr'>aliquot</span> 
     </span>
     <span class='ocr_line' id='line_1_31' title="bbox 181 3595 1248 3685; baseline 0.002 -22"><span class='ocrx_word' id='word_1_236' title='bbox 181 3596 260 3663; x_wconf 88' lang='lat' dir='ltr'>loeis</span> <span class='ocrx_word' id='word_1_237' title='bbox 282 3596 373 3663; x_wconf 84' lang='lat' dir='ltr'>adest</span> <span class='ocrx_word' id='word_1_238' title='bbox 403 3597 458 3683; x_wconf 82' lang='lat' dir='ltr'>(of.</span> <span class='ocrx_word' id='word_1_239' title='bbox 481 3596 506 3661; x_wconf 90' lang='lat' dir='ltr'>Z</span> <span class='ocrx_word' id='word_1_240' title='bbox 533 3600 608 3683; x_wconf 89' lang='grc'><strong>236,</strong></span> <span class='ocrx_word' id='word_1_241' title='bbox 631 3597 662 3663; x_wconf 89' lang='grc' dir='ltr'><strong>Λ</strong></span> <span class='ocrx_word' id='word_1_242' title='bbox 686 3601 761 3684; x_wconf 91' lang='grc'><strong>106,</strong></span> <span class='ocrx_word' id='word_1_243' title='bbox 788 3596 821 3664; x_wconf 87' lang='lat' dir='ltr'>X</span> <span class='ocrx_word' id='word_1_244' title='bbox 846 3600 899 3682; x_wconf 92' lang='grc'>50,</span> <span class='ocrx_word' id='word_1_245' title='bbox 930 3595 966 3663; x_wconf 86' lang='grc' dir='ltr'><strong>Ψ</strong></span> <span class='ocrx_word' id='word_1_246' title='bbox 986 3599 1078 3683; x_wconf 86' lang='grc'><strong>485),</strong></span> <span class='ocrx_word' id='word_1_247' title='bbox 1109 3597 1144 3663; x_wconf 94' lang='lat' dir='ltr'>in</span> <span class='ocrx_word' id='word_1_248' title='bbox 1167 3597 1248 3685; x_wconf 81' lang='lat' dir='ltr'>Arg.</span> 
     </span>
     <span class='ocr_line' id='line_1_32' title="bbox 182 3703 675 3792; baseline 0.008 -24"><span class='ocrx_word' id='word_1_249' title='bbox 182 3703 307 3769; x_wconf 86' lang='lat' dir='ltr'>nullum</span> <span class='ocrx_word' id='word_1_250' title='bbox 330 3704 514 3790; x_wconf 84' lang='lat' dir='ltr'>exemplum</span> <span class='ocrx_word' id='word_1_251' title='bbox 537 3705 675 3792; x_wconf 87' lang='lat' dir='ltr'>repperi.</span> 
     </span>
    </p>

    <p class='ocr_par' dir='ltr' id='par_1_6' title="bbox 182 3809 1249 4005">
     <span class='ocr_line' id='line_1_33' title="bbox 271 3809 1248 3898; baseline 0.004 -24"><span class='ocrx_word' id='word_1_252' title='bbox 271 3809 328 3874; x_wconf 89' lang='lat' dir='ltr'>De</span> <span class='ocrx_word' id='word_1_253' title='bbox 355 3831 442 3896; x_wconf 85' lang='lat' dir='ltr'>gen.</span> <span class='ocrx_word' id='word_1_254' title='bbox 471 3813 721 3898; x_wconf 86' lang='lat' dir='ltr'>appositive.</span> <span class='ocrx_word' id='word_1_255' title='bbox 768 3811 975 3878; x_wconf 84' lang='lat' dir='ltr'>Referendae</span> <span class='ocrx_word' id='word_1_256' title='bbox 1004 3811 1147 3877; x_wconf 90' lang='lat' dir='ltr'>suntad</span> <span class='ocrx_word' id='word_1_257' title='bbox 1173 3832 1248 3897; x_wconf 81' lang='lat' dir='ltr'>gen.</span> 
     </span>
     <span class='ocr_line' id='line_1_34' title="bbox 182 3914 1249 4005; baseline 0.003 -24"><span class='ocrx_word' id='word_1_258' title='bbox 182 3938 292 4003; x_wconf 87' lang='lat' dir='ltr'>appos.</span> <span class='ocrx_word' id='word_1_259' title='bbox 309 3938 352 3982; x_wconf 88' lang='lat' dir='ltr'>ex</span> <span class='ocrx_word' id='word_1_260' title='bbox 365 3914 532 4003; x_wconf 83' lang='lat' dir='ltr'>Apollonii</span> <span class='ocrx_word' id='word_1_261' title='bbox 552 3923 701 4005; x_wconf 78' lang='lat' dir='ltr'>poemate</span> <span class='ocrx_word' id='word_1_262' title='bbox 717 3918 892 3985; x_wconf 78' lang='lat' dir='ltr'>dictiones:</span> <span class='ocrx_word' id='word_1_263' title='bbox 917 3917 1036 4005; x_wconf 84' lang='grc' dir='ltr'><strong>Τεγίης</strong></span> <span class='ocrx_word' id='word_1_264' title='bbox 1058 3916 1249 4003; x_wconf 74' lang='grc' dir='ltr'><strong>πτολίεθρον</strong></span> 
     </span>
    </p>
   </div>
   <div class='ocr_carea' id='block_1_5' title="bbox 0 0 1496 4392">
    <p class='ocr_par' dir='ltr' id='par_1_7' title="bbox 0 0 1496 4392">
     <span class='ocr_line' id='line_1_35' title="bbox 0 0 1496 4392; baseline 0 0"><span class='ocrx_word' id='word_1_265' title='bbox 0 0 1496 4392; x_wconf 95' lang='lat' dir='ltr'> </span> 
     </span>
    </p>
   </div>
  </div>
 </body>
</html>
