2975 4392
678 250 876 312 ..5-

243 427 354 511 πάτερ,
380 476 387 490 .
414 476 421 491 .
447 425 570 504 Ἠίλιός
592 427 636 509 θ’,
662 428 696 504 ὃς
723 427 814 492 πάντ’
837 427 958 512 ἐφορᾷς
981 431 1015 492 et
1036 448 1054 491 τ
1077 427 1142 492 406
1170 426 1312 513 γαμβρὸς

245 533 319 620 ἐμὸς
339 533 481 621 θύγατίρ
497 555 541 617 τε,
559 532 683 601 τίθεσθ’
698 535 808 619 ὄνομα.
844 534 923 599 Eur.
940 534 1015 600 Hel.
1036 536 1120 601 1399
1144 534 1170 599 ὦ
1191 534 1312 611 κλεινὸς

241 639 321 728 ἡμῖν
343 640 444 719 πόσις.

334 747 432 824 Quod
446 748 510 836 Ap.
533 748 584 813 IV
603 749 687 814 1073
711 750 761 814 ναί
777 746 875 832 φίλος,
900 750 930 813 εί
949 748 1034 833 δ’ἄγε
1057 748 1125 813 κτλ.
1151 769 1236 814 nom.
1253 770 1311 835 pro

243 876 313 922 νοο.
338 855 481 939 exhibet,
509 856 616 922 hiatus
637 855 762 921 vitandi
793 875 889 921 causa
911 855 997 921 facit.
1044 855 1129 920 Nam
1151 855 1201 921 IV
1227 858 1311 922 1086

244 970 299 1045 ro,
325 960 405 1047 φίλε,
431 961 504 1049 μήτ’
523 964 578 1028 οὖν
601 961 669 1028 κτλ.
695 968 728 1028 et
750 963 792 1029 ib.
816 964 897 1028 1741
924 970 1003 1028 τεῶν
1025 961 1153 1048 τροφός,
1178 962 1204 1027 ὦ
1229 962 1310 1047 φίλε,

243 1068 373 1152 παίδων,
387 1070 482 1136 metri
494 1071 684 1136 necessitate
699 1070 1162 1156 seclusavoc.forn1amponit.
1187 1069 1311 1135 Eadem

244 1176 285 1241 do
308 1197 406 1241 causo
419 1177 517 1242 Hom.
535 1197 664 1263 quoque
680 1175 772 1260 φίλος
786 1197 845 1262 pro
869 1175 941 1260 φίλε
962 1176 1039 1241 dicit
1062 1174 1087 1239 Δ
1106 1179 1178 1258 189,
1202 1174 1310 1258 1601,

244 1279 276 1346 Φ
295 1285 368 1366 106,
392 1280 428 1347 Ψ
444 1285 519 1365 313,
537 1283 612 1365 343,
636 1306 657 1347 α
674 1285 749 1365 301,
772 1305 793 1368 γ
811 1285 884 1366 199,
909 1305 926 1366 ρ
951 1286 1002 1365 17,
1020 1285 1101 1369 415;
1124 1303 1185 1348 nec
1206 1283 1312 1349 minus

244 1388 361 1475 βοῶπις
383 1388 471 1475 Ἥρη
495 1410 553 1477 pro
579 1390 680 1477 βοῶπι
703 1387 752 1456 Ἦ.
778 1387 805 1453 Θ
830 1392 905 1454 471.

331 1496 363 1560 Ν
365 1497 558 1562 ominativus
573 1518 646 1562 cum
662 1496 832 1583 participio
848 1497 977 1561 iunctus
992 1497 1117 1560 ratione
1133 1495 1202 1561 lore
1218 1496 1309 1562 abso-

242 1604 312 1668 luta
326 1604 456 1690 ponitur
474 1604 524 1668 IV
540 1607 605 1670 200
628 1603 698 1668 ἀλλ’
714 1603 743 1667 οί
767 1604 823 1688 μὲν
839 1604 891 1668 διὰ
911 1603 996 1687 νηός,
1014 1602 1176 1689 ἀμοιβαδίς
1200 1601 1310 1687 ἀνέρος

244 1710 324 1794 ἀνὴρ
349 1710 504 1796 ἑζόμενος,
536 1711 683 1794 πηδοῖσιν
707 1708 862 1794 ἐρέσσετε.
910 1709 959 1776 cf.
983 1707 1008 1773 Γ
1031 1711 1092 1774 211
1124 1716 1156 1774 et
1179 1707 1211 1773 K
1234 1711 1311 1774 224.

332 1816 535 1905 Quamquam
561 1818 624 1905 Ap.
651 1839 726 1884 eum
752 1839 845 1882 usum
872 1817 1024 1903 loquendi
1051 1818 1179 1900 retinet,
1202 1822 1239 1882 ut
1261 1818 1309 1881 in·

242 1925 466 1990 teriectionem
485 1925 511 1989 dr
527 1926 674 1991 vocativo
690 1930 841 2011 opponat,
865 1925 892 1988 si
913 1926 985 2009 quis
1008 1944 1105 2009 quem
1126 1923 1309 2011 alloquitur,

244 2032 379 2114 omittat,
403 2033 429 2096 si
444 2032 592 2096 hortatur
614 2031 756 2115 (Kuehn.
774 2030 809 2095 Π
825 2032 913 2117 431),
937 2036 1047 2095 tamen
1062 2030 1231 2117 aliquoties
1250 2031 1311 2095 hac

240 2138 313 2223 lege
329 2138 477 2224 neglecta
489 2139 587 2202 etiam
602 2138 636 2202 in
649 2138 874 2203 adhortatione
890 2138 1146 2202 interiectionem
1162 2143 1305 2223 usurpat,

238 2246 329 2309 volut
350 2244 385 2309 II
408 2246 483 2327 288,
501 2247 575 2327 341,
601 2246 676 2327 411,
693 2246 769 2327 420,
793 2243 845 2308 ΠΙ
861 2246 936 2326 396,
960 2243 1009 2308 IV
1029 2246 1123 2327 1413,
1147 2250 1180 2309 et
1198 2265 1307 2309 rursus

239 2352 272 2415 in
296 2351 489 2417 allocutione
505 2352 607 2435 reicit,
631 2357 668 2416 ut
690 2351 707 2415 I
731 2354 805 2433 865,
830 2350 882 2415 ΠΙ
900 2353 974 2432 545,
993 2353 1068 2433 688,
1092 2349 1142 2414 IV
1158 2352 1210 2434 95,
1229 2352 1304 2416 203.

239 2457 314 2522 Non
336 2463 424 2525 reate
447 2458 544 2524 schol.
562 2459 723 2525 desiderat
746 2459 772 2522 ὡ
795 2456 845 2521 IV
867 2462 881 2522 1
910 2458 991 2540 αὐτὴ
1014 2466 1068 2523 νῠν
1092 2456 1234 2542 κάματόν
1256 2478 1303 2541 γε,

239 2565 311 2646 θεά,
329 2613 362 2630 ..
387 2567 504 2648 ἔννεπε,
528 2563 652 2648 Μοῦσα,
677 2563 748 2642 Διὸς
771 2565 873 2647 τέκος,
903 2565 1021 2630 rectius
1044 2563 1094 2640 lv
1118 2566 1182 2629 552
1212 2564 1304 2645 ἀλλά,

238 2670 321 2754 θεαί,
346 2679 413 2749 πῶς
434 2721 468 2736 ..
494 2670 620 2758 σήματα
642 2675 717 2757 νηὸς
740 2674 893 2759 νημερτὲς
916 2671 1069 2756 πέφαται;

538 3120 587 3200 Β.
636 3120 703 3200 De
732 3119 1007 3200 accusativo.

326 3318 383 3384 De
411 3338 489 3383 aco.
516 3317 681 3383 obiecti.
718 3317 803 3381 Usus
818 3317 990 3381 verborum
1006 3316 1148 3399 iuvandi,
1165 3317 1303 3381 nocendi

236 3426 387 3490 similium
416 3427 450 3489 in
473 3424 553 3511 Arg.
585 3425 671 3491 idern
702 3430 750 3489 est
779 3429 875 3510 atque
907 3425 940 3487 in
968 3423 1063 3488 Hom.
1097 3423 1301 3489 carminibus.

236 3530 285 3599 Of.
302 3534 437 3599 ὀνινάναι
457 3531 511 3596 ΙΠ
526 3535 569 3597 20
593 3529 633 3617 (Ε
650 3533 714 3597 205
732 3532 796 3614 al),
820 3530 989 3615 δηλεῑσθαι
1012 3530 1061 3595 IV
1078 3532 1138 3595 831
1166 3537 1198 3596 et
1217 3533 1301 3596 1088

236 3636 285 3722 (Ψ
313 3642 377 3705 428
405 3641 469 3722 al),
501 3638 643 3705 σίνεσθαι
666 3638 683 3702 I
709 3641 770 3705 951
797 3645 829 3702 et
857 3640 941 3703 1260
972 3640 1005 3723 (ζ
1029 3642 1048 3704 6
1073 3640 1137 3721 al).
1163 3637 1212 3702 IV
1237 3638 1300 3701 893

237 3746 398 3812 obiectum
427 3747 520 3813 verbi
552 3745 693 3811 σίνεσθαι
726 3746 933 3831 subsequenti
970 3746 1136 3810 enuntiato
1167 3743 1300 3809 relativo

236 3855 427 3919 continetur.
475 3854 603 3940 βιᾶσθαι
627 3874 692 3918 acc.
719 3853 867 3918 adsciscit
898 3853 915 3917 Ι
941 3855 1014 3933 751,
1043 3854 1137 3933 1299,
1161 3850 1210 3915 IV
1235 3851 1300 3917 909

235 3958 276 4048 (Λ
301 3964 363 4027 467
381 3962 446 4044 al),
470 3960 630 4047 λοχᾶσθαι
652 3960 669 4024 I
694 3962 755 4027 991
782 3966 815 4024 et
837 3960 871 4027 II
895 3963 957 4027 967
982 3960 1013 4042 (δ
1038 3960 1124 4039 670).
