2975 4392
605 239 824 302 -70-

267 406 328 480 De
357 414 436 481 dat.
466 437 485 481 e
511 416 648 481 verbis
674 416 859 503 passivis
886 420 925 481 ot
952 415 1118 483 adiectu
1142 415 1270 481 verb·

182 527 291 607 epto.
337 522 492 588 Dativum
519 545 675 608 personae
707 523 833 609 agentis
855 545 873 588 e
896 523 1003 589 verbis
1029 522 1163 610 passivis
1190 527 1247 587 aut

178 628 344 695 adieetivis
366 630 550 695 verbalibus
577 631 774 716 pendentem
807 635 841 696 et
863 631 897 695 in
920 628 1000 716 Arg.
1024 635 1059 696 et
1088 630 1123 697 in
1145 629 1242 697 Hom.

177 736 371 801 carminibus
394 737 581 822 reperimus.
629 735 703 820 sed,
728 735 816 822 quod
844 736 885 801 ad
908 738 1010 803 verba
1032 737 1158 820 attinet,
1184 736 1245 801 nisi

178 843 212 907 in
227 842 321 909 unius
336 844 428 909 verbi
445 844 638 910 ἀνάσσεσθαι
659 845 898 910 constructione
919 866 995 909 usus
1009 842 1245 930 Apollonianus

178 970 251 1015 eum
270 951 446 1016 Homerico
469 972 534 1016 non
558 952 735 1035 consentit;
760 951 800 1017 cf.
826 951 873 1017 lV
890 954 954 1018 266
977 952 1013 1016 οὐ
1038 952 1074 1016 δὲ
1089 949 1244 1036 Πελασγὶς

176 1058 268 1143 χθὼν
290 1056 362 1122 τότε
384 1057 601 1144 κυδαλίμοισιν
625 1058 779 1124 ἀνάσσετο
794 1056 1020 1144 Δευκαλίδῃσιν
1044 1079 1117 1124 oum
1139 1059 1157 1122 δ
1181 1059 1242 1122 117

178 1164 366 1231 ἀνάσσονται
397 1185 440 1231 sc.
463 1164 570 1242 πόλεις
600 1166 628 1229 δ’
657 1165 725 1251 ἐμοί
755 1167 851 1251 αὐτῷ.
897 1165 1049 1231 Abstinet
1078 1185 1157 1230 vero
1179 1163 1243 1251 Ap.

176 1270 284 1335 verbis
305 1270 487 1336 Homericis
510 1272 685 1357 δαμνᾶσδαι
709 1272 763 1354 (ef.
786 1270 811 1335 Γ
835 1274 896 1337 301
923 1273 979 1356 al.)
1009 1276 1043 1339 et
1065 1271 1244 1337 κτείνεσθαι

178 1377 232 1462 (of.
255 1375 282 1440 Ε
308 1379 386 1461 465)
416 1384 449 1443 et
471 1379 635 1444 Homerus
657 1400 768 1444 rursus
789 1379 897 1444 verbis
918 1378 1093 1464 Apollonio
1118 1378 1244 1444 usitatis

107 1470 110 1478 ’
176 1484 372 1569 περιτίεσθαι
402 1484 456 1570 (cf.
489 1484 542 1549 III
571 1487 612 1550 vl
645 1494 690 1550 τῶ
723 1486 759 1552 νύ
793 1507 845 1573 μοι
876 1486 1034 1570 ἄλληκτον
1063 1486 1241 1570 περιτίεται.

49 1667 51 1671 ,
177 1591 324 1657 Verbum
346 1592 484 1678 simplex
507 1592 593 1678 apud
615 1593 713 1658 Hom.
736 1593 783 1659 sic
806 1592 937 1680 ponitur
959 1592 989 1656 A
1013 1594 1054 1658 58
1078 1593 1114 1669 ὃς
1136 1590 1243 1677 Τρωσί

176 1700 253 1776 θεὸς
269 1699 311 1776 ὣς
327 1699 407 1764 τίετο
424 1697 549 1784 iilum),
574 1697 794 1778 ἐπιξενοῦσθαί
814 1699 867 1783 (cf.
884 1700 917 1765 II
934 1703 952 1763 7
956 1702 998 1764 64
1013 1698 1244 1785 Λημνιάδεσσιν

177 1805 389 1884 ἐπεξεινοῦντο
404 1804 548 1890 γυναιξίν,
564 1806 730 1871 Demostb.
747 1827 779 1893 p.
798 1808 883 1871 1224
899 1806 995 1894 init),
1011 1805 1165 1893 τετύχθαι
1187 1805 1242 1894 (cf.

176 1912 282 1977 1234
313 1912 381 1976 ἐπεὶ
410 1910 565 1998 δμώεσσιν
596 1912 735 1997 ἐπαρτέα
766 1913 857 1978 πάντ’
890 1913 1048 1979 ἐτέτυκτο.
1095 1912 1179 1978 Aliis
1208 1913 1243 1978 in

176 2019 254 2085 locis
275 2018 341 2084 dat.
364 2040 464 2104 purus
486 2018 626 2102 additur,
650 2024 686 2084 ut
708 2018 743 2084 Π
767 2022 832 2085 202
856 2020 908 2103 al,
931 2018 957 2084 P
982 2022 1046 2087 600
1070 2020 1135 2104 ol),
1168 2020 1242 2085 ὑπο-

177 2126 353 2205 κλύζεσθαι
385 2123 439 2212 (cf.
463 2124 480 2189 Ι
504 2127 568 2190 533
592 2128 646 2191 καί
669 2125 698 2190 οί
720 2148 764 2193 sc.
788 2125 946 2213 Ἡρακλῆι
978 2128 1104 2212 ἔνερθεν
1130 2128 1242 2193 ποσσίν

178 2231 366 2316 ὑπεκλύσθη
390 2233 467 2317 νηὸς
498 2232 617 2318 τρόπις,
649 2233 739 2298 cuius
771 2233 834 2298 loci
865 2255 975 2299 seusus
998 2240 1062 2299 est:
1093 2233 1240 2320 quotiens

176 2340 335 2406 Hercules
356 2338 456 2424 pedes
479 2340 685 2426 imposuerat,
709 2341 801 2405 navis
822 2341 1072 2426 mergebatur),

266 2445 403 2512 Generis
424 2445 637 2512 mediiverba
659 2447 842 2532 significatu
864 2447 989 2533 passivo
1011 2447 1116 2534 posita
1138 2468 1239 2534 eaque

176 2553 285 2618 dativo
307 2573 464 2640 personae
486 2552 596 2619 iuncta
610 2554 774 2619 Homerus
796 2576 861 2620 non
883 2555 1085 2641 usurpavisse
1100 2554 1238 2620 videtur.

175 2661 274 2746 Apud
293 2658 504 2748 Apollonium
528 2668 635 2727 autem
658 2661 721 2726 tria
742 2661 839 2726 huius
861 2683 937 2727 usus
959 2662 1109 2749 exemplo
1131 2683 1240 2748 reper-

174 2769 304 2833 iuntur:
342 2767 396 2833 ΙΠ
419 2771 461 2836 66
488 2771 542 2834 καί
564 2770 636 2854 πρίν
666 2768 736 2854 ἐμοί
759 2766 841 2854 μέγα
864 2767 967 2854 φίλατ’
989 2767 1103 2854 Ἰήσων
1134 2769 1242 2854 (aliter

174 2874 228 2940 ΙΠ
254 2877 338 2941 1002
362 2876 516 2941 ἀθάνατοι
539 2875 668 2961 φίλαντο
691 2896 733 2942 so.
758 2873 857 2960 αὐτην
880 2881 914 2941 et
934 2876 984 2941 IV
1006 2880 1071 2943 090
1093 2874 1241 2963 Μάκριδα

176 2980 365 3068 φιλαμένη);
388 2981 465 3048 160
488 2981 608 3049 Καινέα
626 2985 687 3069 γάρ
712 2983 818 3062 ζῶον.
836 2980 1085 3069 ,Κενταύροισιν
1109 2982 1241 3049 ὀλέσθαι

175 3091 263 3176 (cum
291 3089 355 3156 dat.
381 3090 429 3156 rei
461 3092 523 3155 αί
552 3091 625 3174 al.);
657 3089 716 3155 IV*
731 3093 795 3156 533
830 3087 951 3176 μήποτε
982 3091 1040 3176 την
1069 3111 1112 3156 sc.
1136 3090 1241 3178 χθόνα

180 3196 311 3283 δηίοισιν
334 3195 570 3282 ἀναστήσεσθαι
594 3197 692 3263 ἰοῦσιν
716 3197 824 3281 (aliter
846 3195 960 3264 Φ635
988 3200 1023 3275 ὃς
1046 3219 1099 3284 μοι
1122 3196 1239 3284 ἀνέστη

175 3310 209 3371 et
232 3327 252 3370 σ
276 3306 364 3387 334),

263 3413 378 3500 Neque
410 3433 450 3479 ss
481 3411 642 3479 adiectiva
674 3411 820 3478 verbalia
852 3412 887 3478 in
919 3412 1015 3481 Hom.
1048 3412 1243 3478 carminibus

176 3526 357 3603 occurrunt,
379 3540 463 3606 quae
479 3518 541 3607 Ap.
560 3519 668 3585 dativo
690 3541 848 3606 personae
865 3520 1022 3587 adiunxit.
1059 3520 1142 3586 Sunt
1163 3521 1240 3585 tria:

176 3626 293 3713 άγητός
320 3625 351 3713 (Ι
378 3629 444 3691 624
471 3625 721 3714 Ἀχαιιάδεσσιν;
757 3627 798 3694 ef.
826 3626 963 3694 Theoor.
994 3628 1021 3711 l,
1050 3630 1111 3692 126
1140 3628 1242 3714 μακά-

175 3754 279 3820 ρεσσιν
315 3733 482 3820 ἀγαστόν),
523 3732 682 3819 ἀκήρατος
715 3734 745 3817 (Ι
777 3736 842 3800 852
870 3735 899 3798 ἀ
933 3735 1063 3820 ἀνδράσι
1094 3734 1240 3828 Λημνος;

175 3861 248 3906 eum
272 3840 336 3906 dat.
369 3841 417 3905 rei
436 3839 515 3907 Ilur.
548 3841 647 3927 Hipp.
680 3841 789 3926 1114),
813 3842 977 3925 ἄπρηκτος
1004 3839 1121 3925 (1246
1147 3840 1240 3918 πόνος

175 3946 203 4011 δ’
226 3947 256 4011 ἀ.
282 3947 402 4030 ἰοῦσιν).
1202 3982 1204 3987 ·
