2975 4392
228 1046 232 1052 v
304 972 470 1059 Apollonii
485 971 606 1037 Rhodii
629 991 744 1053 sermo,
769 992 962 1056 quamquam
982 972 1015 1034 in
1035 972 1220 1037 universum
1239 972 1280 1034 ad

216 1080 425 1144 Homericum
449 1078 665 1143 conformatus
689 1084 747 1159 est,
777 1079 974 1164 peculiarem
1003 1085 1111 1142 tamen
1140 1079 1280 1142 colorem

214 1187 358 1273 praebet.
396 1185 644 1270 Namquamvis
660 1185 850 1271 Apollonius
864 1185 1044 1249 Homerum
1067 1186 1208 1249 imitatus
1229 1186 1279 1267 sit,

214 1295 356 1358 imitator
384 1284 488 1357 videri
511 1292 624 1374 noluit,
653 1291 798 1357 sednon
828 1313 902 1356 raro
932 1292 972 1356 ab
996 1293 1066 1356 eius
1097 1292 1279 1356 elocutione

215 1401 360 1465 consulto
384 1400 527 1483 descivit,
555 1418 679 1464 morem
702 1398 839 1463 aliorum
861 1405 1031 1485 poetarum
1061 1400 1224 1484 epicorum
1248 1406 1281 1463 et

214 1527 476 1594 praegressorum
505 1513 539 1570 et
561 1506 744 1592 aequalium
773 1512 912 1588 secutus,
943 1507 1086 1591 quinon
1113 1506 1215 1569 solum
1239 1527 1281 1570 ex

214 1613 351 1678 Homeri
375 1612 570 1677 carminibus
592 1611 649 1676 sed
665 1634 707 1677 ex
730 1612 800 1676 aliis
823 1632 951 1697 quoque
967 1613 1148 1676 litterarum
1167 1632 1280 1675 monu-

215 1720 340 1802 mentis,
359 1718 447 1804 quod
466 1719 500 1783 in
522 1739 591 1783 rem
614 1738 704 1782 suam
725 1724 960 1802 converterent,
982 1719 1172 1804 petiverant.
1206 1718 1281 1782 Huc

118 1847 120 1850 ⁴
215 1832 345 1911 praeter
367 1825 511 1890 carmina
533 1825 699 1911 epicorum
722 1824 867 1889 Homero
890 1826 1104 1910 posteriorum
1126 1824 1281 1911 imprimis

167 1957 169 1961 ·
215 1934 336 2018 lyricae
366 1939 399 1998 et
427 1932 595 1998 scaenicae
624 1952 758 2018 poeseos
788 1952 897 2019 opera,
917 1932 1191 2018 praestantissima
1221 1953 1281 1996 nec

215 2061 279 2104 non
301 2060 415 2125 prosae
445 2038 599 2103 orationis
622 2038 795 2125 praecipue
824 2038 976 2103 historiae
1004 2038 1175 2103 referenda
1196 2044 1279 2104 sunt.

215 2146 329 2233 Neque
351 2147 443 2233 parvi
465 2146 618 2211 momenti
642 2145 683 2211 ad
706 2166 886 2210 sermonem
904 2145 1070 2232 Apollonii
1092 2145 1280 2231 fingendum

218 2275 289 2317 oum
301 2254 400 2339 ipsius
411 2260 479 2317 turn
489 2252 773 2338 grammaticorum
786 2253 969 2340 aequalium
979 2252 1086 2317 studia
1097 2253 1131 2317 in
1140 2252 1285 2318 Homero

217 2360 459 2446 interpretando
476 2359 632 2422 collocata
648 2359 745 2424 fuisse
761 2359 921 2424 videntur.
956 2359 1070 2446 Itaque
1087 2380 1151 2423 non
1168 2360 1284 2423 mirum

218 2473 275 2550 est,
286 2468 372 2553 quod
381 2466 632 2553 Apollonianum
646 2465 775 2530 dicendi
786 2487 888 2551 genus
899 2466 1003 2552 magis
1014 2466 1178 2531 varietatis
1189 2487 1285 2556 quarn

217 2573 430 2659 simplicitatis
447 2573 587 2659 speciem
611 2592 740 2659 praese
764 2573 835 2636 fert.
861 2572 1078 2637 Nihilominus
1095 2573 1286 2659 Apollonius

217 2680 348 2767 propius
365 2701 461 2767 quam
482 2679 633 2765 aequales
652 2685 778 2766 poetae,
803 2679 858 2764 qui
873 2700 968 2744 versu
983 2680 1114 2745 heroico
1138 2680 1188 2744 usi
1201 2686 1284 2762 sunt,

218 2787 259 2851 ad
282 2807 462 2851 sermonem
477 2786 614 2851 Homeri
634 2787 768 2851 accessit
783 2793 816 2850 et
838 2786 914 2851 licet
933 2787 1035 2851 multa
1058 2787 1285 2867 immutaverit,

217 2895 312 2981 plura
327 2899 434 2959 tamen
457 2892 600 2976 retinuit,
618 2892 686 2957 sine
702 2892 800 2957 dubio
817 2892 903 2980 quod
922 2894 1080 2979 poematis
1094 2894 1144 2957 sui
1159 2899 1285 2976 natura,

218 3008 254 3065 ut
265 3002 401 3067 Homeri
416 3000 617 3088 potissimum
634 2998 819 3085 exemplum
832 3000 1023 3084 imitaretur,
1038 3007 1215 3065 commotus
1228 3006 1284 3066 est.

308 3107 381 3184 Qua
404 3108 444 3173 de
460 3127 565 3190 causa,
591 3124 664 3170 cum
680 3127 752 3170 eam
770 3112 944 3193 syntaxeos
958 3106 1195 3193 Apollonianae
1212 3128 1285 3193 par-

218 3222 295 3299 tem,
319 3236 403 3300 quae
427 3220 476 3278 est
499 3213 539 3278 de
563 3212 698 3295 casibus,
722 3212 926 3277 tractandam
952 3213 1032 3277 mihi
1054 3215 1285 3300 proposuerim,

220 3323 265 3387 ita
281 3322 483 3408 quaestiones
497 3341 586 3385 meas
608 3320 821 3386 instituendas
840 3342 907 3385 esse
929 3320 1048 3403 censui,
1069 3327 1105 3384 ut
1122 3321 1287 3406 Apollonii

220 3450 399 3495 sermonem
416 3448 488 3491 cum
503 3426 679 3491 Homerico
695 3427 885 3492 conferrem.
918 3426 999 3492 (tum
1016 3432 1134 3510 autem,
1152 3429 1185 3491 id
1201 3429 1287 3514 quod

219 3536 284 3600 iam
306 3534 497 3616 monuimus,
521 3532 714 3619 Apollonius
737 3554 802 3599 non
824 3533 1006 3598 Homerum
1033 3534 1136 3598 solum
1159 3542 1287 3600 secutus

221 3642 270 3726 sit,
287 3662 352 3706 non
367 3640 480 3705 inutile
493 3639 597 3704 visum
613 3645 671 3723 est,
688 3640 744 3705 ubi
757 3640 890 3705 deflexit
905 3641 946 3705 ab
959 3640 1114 3725 Homero,
1131 3642 1288 3729 exemplis

222 3748 326 3814 allatis
358 3747 589 3829 demonstrare,
621 3752 782 3831 quatenus
805 3767 878 3810 cum
909 3747 1024 3812 ceteris
1049 3752 1082 3812 et
1103 3748 1231 3812 vinctae
1255 3754 1287 3812 et

222 3857 345 3922 solutae
358 3853 511 3919 orationis
521 3852 730 3938 scriptoribus
741 3859 945 3938 congrueret.
966 3854 1075 3940 Atque
1088 3874 1106 3918 e
1118 3861 1286 3941 poetarum

223 3963 352 4048 quidem
376 3979 510 4027 numero
539 3960 712 4046 praecipue
735 3959 882 4043 Hesiodi,
910 3959 1055 4044 Pindari,
1079 3961 1285 4046 tragicorum,

611 4121 828 4235 roanos
1150 4067 1180 4116 ¹*
