2975 4392
600 653 692 735 Vlta
723 654 969 757 scriptoris.

342 833 447 897 Natus
470 854 539 895 sum
563 832 701 897 Oscarus
724 831 941 896 Linsenbarth
964 831 1129 897 Vimariae
1153 854 1181 896 a.
1203 831 1233 896 d.
1258 831 1320 897 ΠΙ.

253 941 338 1006 Non.
362 939 537 1005 Novembr.
562 960 590 1004 a.
615 940 646 1003 h.
671 961 694 1004 s.
719 938 860 1002 XLVII.
907 938 1022 1003 Fidem
1045 938 1198 1024 profiteor
1223 960 1319 1004 evan-

253 1048 399 1133 gelicam.
446 1046 622 1132 Postquam
649 1046 852 1131 gymnasium
878 1045 968 1109 urbis
990 1045 1115 1131 patriae
1142 1045 1322 1111 rectoribus

253 1153 428 1219 Heilandio
459 1158 492 1218 et
514 1154 670 1219 Rassovio
694 1153 906 1239 frequentavi,
939 1153 996 1217 ubi
1018 1153 1174 1239 imprimis
1205 1153 1245 1218 de
1268 1174 1320 1218 me

253 1260 360 1326 meriti
383 1266 456 1324 sunt
483 1259 575 1325 Gust.
600 1260 698 1343 Zeiss,
724 1260 801 1325 Otto
824 1259 942 1343 Heine,
966 1260 1065 1346 Hugo
1083 1260 1219 1344 Weber,
1243 1282 1320 1326 vere

252 1369 386 1434 ineunte
416 1389 445 1433 a.
473 1368 505 1434 h.
534 1389 557 1432 s.
589 1367 702 1431 LXVI
734 1367 927 1431 maturitatis
959 1368 1178 1432 testimonium
1208 1372 1322 1432 nactus

253 1475 496 1540 universitatem
527 1474 709 1539 litterarum
740 1474 911 1539 Ienensem
946 1474 1027 1558 adii,
1059 1480 1095 1538 ut
1125 1474 1321 1561 philologiae

253 1602 385 1667 operam
401 1581 521 1649 darem.
551 1580 604 1646 Ibi
618 1602 670 1646 me
687 1580 867 1646 docueruut
881 1580 943 1645 viri
959 1581 1125 1646 clarissimi
1141 1580 1318 1666 (loettliug,

252 1683 457 1775 Nipperdey,
490 1689 594 1755 Maur.
629 1687 789 1771 Schmidt,
823 1686 1018 1771 Schleicher,
1053 1688 1145 1754 Ouno
1177 1689 1319 1771 Fischer,

252 1796 554 1861 AdolfusSchmidt.
573 1795 817 1880 Philologorum
829 1796 1000 1860 seminario
1012 1817 1071 1882 per
1082 1796 1145 1860 tria
1157 1795 1322 1861 semestris

251 1903 369 1968 sodalis
392 1903 573 1968 ordinarius
600 1902 741 1968 interfui.
789 1901 830 1967 A.
855 1902 886 1968 h.
911 1924 935 1968 s.
959 1901 1108 1967 LXVIII
1131 1901 1320 1987 Gottiugam

253 2011 294 2075 ad
327 2010 433 2074 studia
467 2031 540 2074 mea
570 2009 781 2095 producenda
812 2009 949 2094 migravi
982 2014 1014 2074 et
1046 2010 1202 2096 imprimis
1235 2009 1320 2074 viros

253 2117 482 2182 illustrissimos
496 2116 673 2202 Sauppium
690 2122 722 2181 et
735 2116 821 2181 Guil.
838 2116 1033 2181 Muellerum
1049 2116 1168 2182 audivi.
1195 2115 1321 2181 Eodem

252 2230 398 2310 tempore
414 2223 574 2288 societatis
585 2223 800 2309 germanicae,
814 2245 910 2309 quam
920 2222 960 2289 G.
969 2223 1108 2289 Mueller
1122 2222 1319 2307 moderatur,

252 2331 370 2396 sodalis
385 2330 488 2395 factus
504 2352 583 2395 sum.
619 2330 776 2395 Omnibus
799 2330 879 2395 meis
894 2330 1054 2415 magistris
1070 2330 1189 2416 optime
1206 2330 1246 2395 de
1268 2352 1320 2395 me

252 2438 375 2504 meritis
407 2437 527 2523 gratias
561 2442 594 2502 et
626 2458 711 2501 nuuc
744 2458 807 2523 ago
842 2443 875 2502 et
906 2458 1032 2523 semper
1067 2437 1194 2503 habebo
1224 2458 1322 2523 quam

252 2545 417 2611 maximas.
456 2544 632 2631 Postquam
656 2549 777 2610 aestate
801 2566 832 2610 a.
857 2543 1122 2610 MDOOOLXIX
1145 2544 1320 2629 Gottingae

252 2653 286 2717 in
317 2652 467 2717 examine
500 2652 630 2738 publico
662 2673 721 2738 pro
755 2651 909 2716 facultate
944 2651 1083 2716 docendi
1113 2651 1220 2716 studia
1248 2672 1321 2715 mea

252 2759 397 2846 probavi,
421 2759 455 2822 in
478 2758 691 2824 Borussorum
720 2758 888 2844 provincia
911 2757 1071 2822 Rhenana
1101 2758 1240 2844 primum
1262 2778 1321 2843 per

252 2866 352 2931 breve
383 2871 510 2952 tempus
533 2864 756 2949 Sobernhemi,
787 2865 821 2929 in
851 2864 932 2931 urbe
962 2866 1004 2930 ad
1026 2866 1153 2930 Nasam
1186 2865 1320 2930 fluvium

253 2974 323 3056 sita,
359 2978 428 3037 tum
463 2972 640 3039 Orucenaci
675 2973 708 3037 in
740 2973 908 3059 gymnasio
948 2972 1167 3058 praeceptoris
1199 2972 1321 3059 publici

253 3086 361 3166 partes
376 3080 439 3166 egi,
463 3102 544 3166 quas
559 3081 664 3146 adhue
681 3102 799 3166 easque
824 3080 941 3144 abhiuo
958 3084 1111 3165 quattuor
1134 3100 1235 3143 annos
1250 3100 1319 3165 sup.

254 3187 322 3251 ord.
338 3189 557 3275 praeceptoris
579 3210 652 3275 ago.
692 3188 794 3252 Foras
817 3209 836 3252 a
859 3209 910 3252 me
927 3186 1004 3251 data
1027 3191 1074 3253 est
1094 3186 1319 3251 commentatio

254 3295 424 3360 annalibus
455 3287 651 3360 scholasticis
686 3294 845 3382 gymnasii
880 3293 1131 3359 Orucenaoensis
1165 3314 1194 3360 a.
1230 3293 1260 3359 h.
1295 3315 1318 3359 s.

253 3401 400 3466 LXXVI
413 3403 598 3489 praemissa,
612 3423 695 3488 quae
711 3402 914 3467 inscribitur:
938 3401 1007 3467 Der
1019 3401 1175 3466 rdmische
1188 3400 1318 3466 Kaiscr-

253 3508 412 3595 biograph
434 3508 603 3595 Vopiscus.

612 3720 959 3778 *sasas*—
