2975 4392
604 224 836 288 420-

189 398 279 465 θέσιν
293 397 433 486 κειμένη,
446 400 580 489 παρέχει
595 402 712 477 αὐτοὺς
728 399 878 478 δικαστὰς
893 400 962 466 κτλ.
988 401 1111 478 Quodsi
1122 403 1259 469 similem

190 529 284 573 usum
302 508 468 594 compositi
484 508 576 574 verbi
590 509 624 574 in
649 513 758 573 nostro
774 508 845 574 loeo
867 514 1055 593 statuamus,
1071 510 1173 576 verba
1187 510 1258 577 lau·

191 614 267 680 data
281 614 369 680 idem
384 614 454 681 fere
469 615 579 681 valent
594 620 691 702 atque
711 625 862 701 περισσοῦ
879 614 1026 702 δείματος
1041 618 1095 682 καί
1114 615 1259 702 ἀτλητιον

190 720 372 807 μελεδώνων
400 720 490 787 θέσιν
512 731 630 809 κεῖμαι,
664 727 701 787 ut
730 723 771 787 sit
802 725 950 809 ἄγκειμαι
986 724 1007 789 i.
1037 747 1068 810 q.
1096 724 1258 806 „sustineo

190 829 281 914 qussi
307 832 510 915 suspensus“.
556 829 663 895 Aliter
686 829 855 915 Zieglerus
887 829 1024 912 (observ.
1048 831 1082 895 in
1106 829 1169 917 Ap.
1193 830 1257 898 Rh.

190 934 289 1021 Arg.;
321 956 429 1023 progr.
455 935 575 1021 Stuttg.
603 938 687 1001 1846
710 958 742 1022 p.
771 938 823 1019 18)
856 936 943 1001 buno
970 937 1077 1003 looum
1107 937 1257 1024 explieat.

191 1041 286 1118 Quod
317 1042 402 1107 enim
431 1042 561 1108 κεῖσθαι
596 1063 616 1106 a
647 1041 782 1108 Graecis
814 1049 987 1129 usurpetur
1020 1064 1079 1130 pro
1114 1044 1258 1131 perfeeto

189 1149 306 1235 passivi
328 1149 421 1215 verbi
443 1148 563 1215 τιθέναι
594 1151 683 1215 otiu
711 1151 816 1215 activo
849 1149 976 1214 dieatur
999 1148 1179 1217 ἀνατιθέναι
1201 1150 1259 1216 τινί

188 1278 226 1338 τι,
254 1255 370 1338 „elioui
392 1256 513 1343 aliquid
536 1257 735 1342 imponere“,
759 1258 794 1322 in
816 1258 943 1343 passivo
967 1262 1055 1323 reete
1079 1256 1144 1322 diei
1167 1278 1258 1344 posse

189 1369 299 1429 oenset
321 1362 468 1449 ἀγκειμαί
491 1385 529 1446 τι,
560 1383 601 1428 οε
622 1364 754 1450 quidem
780 1364 906 1429 ratione
929 1384 994 1450 qua
1016 1363 1135 1430 Graeci
1157 1365 1259 1430 multe

188 1470 291 1535 verba
303 1491 386 1556 quae
398 1470 432 1535 in
444 1470 550 1535 aotivo
562 1491 637 1536 oum
648 1471 757 1537 dativo
771 1476 804 1536 et
815 1471 997 1537 aoousativo
1011 1471 1258 1558 emunguntur,

188 1578 222 1641 in
238 1578 364 1663 passivo
381 1598 454 1642 oum
476 1578 674 1644 nominativo
691 1583 724 1644 et
743 1578 925 1644 aoeusatiro
942 1578 1191 1644 construxerint.
1218 1577 1258 1643 In

189 1684 327 1750 eandem
354 1685 655 1769 interpretationem
682 1685 747 1749 iem
774 1685 873 1772 paulo
896 1690 972 1751 ante
999 1684 1041 1751 R.
1064 1684 1258 1751 Merkelium

190 1791 339 1857 incidisse
364 1789 499 1877 (Bergk.
524 1797 557 1857 et
573 1790 664 1859 Osos.
689 1812 764 1858 ann.
792 1793 888 1875 1843,
912 1814 944 1877 p.
962 1793 1041 1875 565)
1063 1789 1150 1856 idem
1172 1810 1257 1856 eom·

189 1904 357 1964 memorat.
405 1897 470 1964 Sed
492 1898 574 1965 haee
594 1898 822 1985 interpretatio
846 1919 886 1964 ea
908 1897 949 1964 de
973 1916 1070 1965 oense
1091 1897 1170 1963 mihi
1192 1880 1257 1963 uon

187 2004 324 2071 ferenda
346 2026 415 2072 esse
439 2005 579 2090 videtur,
603 2006 690 2092 quod
704 2005 841 2071 verbum
864 2005 995 2071 κεῖσθαι
1017 2006 1149 2092 eiusque
1173 2023 1257 2071 oom-

189 2111 293 2197 posite
322 2133 396 2177 eum
426 2113 609 2178 accusativo
642 2112 761 2178 obieoti
791 2113 944 2200 coniungi
973 2112 1071 2178 nullis
1102 2112 1258 2199 exemplis

190 2219 427 2304 comprobetur.
473 2219 650 2309 Koeoblius
673 2218 823 2306 (oonieot.
847 2221 881 2285 in
904 2218 967 2306 Ap.
993 2225 1026 2286 et
1050 2219 1146 2307 Opp.;
1169 2219 1257 2306 Lips.

192 2328 286 2410 1838,
310 2347 342 2413 p.
367 2329 400 2408 4)
429 2346 489 2413 pro
512 2329 659 2412 ἄγκειμαι
683 2328 799 2393 oeteris
823 2327 1004 2393 sententiae
1036 2326 1171 2392 vocibus
1192 2347 1258 2392 nou

189 2433 319 2499 mutatis
341 2434 481 2519 έςκειμοιι
503 2433 697 2503 substituere
720 2435 800 2500 vult.
839 2434 913 2510 Quo
935 2432 1031 2498 modo
1055 2439 1165 2499 sutem
1187 2433 1258 2499 fieri

188 2539 297 2626 possit,
327 2545 364 2605 ut
392 2539 468 2605 huie
490 2540 590 2605 verbo
622 2560 689 2606 eoo.
714 2541 788 2625 lori,
820 2561 879 2628 pro
902 2560 966 2627 quo
990 2539 1084 2626 δεῖμα
1113 2545 1147 2606 et
1170 2540 1258 2627 μελε-

190 2647 291 2724 δῶνας
317 2645 431 2712 haberi
453 2666 584 2712 neeesse
607 2647 657 2730 sit,
689 2648 854 2733 iungatur,
886 2666 952 2712 non
974 2646 1062 2714 dioit.
1108 2644 1259 2713 Aliorum

189 2752 430 2819 emendationes
453 2754 552 2820 etiam
573 2754 679 2819 miuus
701 2754 887 2841 probabiles
909 2752 1059 2822 omittere
1081 2753 1188 2820 lioeet.

277 2859 523 2927 Adieotivorum
554 2862 685 2948 generis
708 2861 856 2928 neutrius
883 2861 1059 2928 aoeusetivi
1088 2861 1258 2949 appositivi

188 2967 274 3033 vioes
304 2967 530 3034 sustinentium
561 2989 654 3033 usum
686 2969 713 3033 si
744 2968 1021 3056 perlustrabimus‚
1055 2989 1121 3034 non
1152 2968 1257 3033 minus

188 3095 286 3160 quam
320 3074 354 3139 in
388 3074 595 3141 substantivis
624 3073 835 3162 Apollonium
870 3075 911 3141 ab
925 3163 927 3167 .
941 3075 1086 3143 Homero
1118 3074 1257 3139 multum

188 3180 358 3248 desoivisse
382 3201 619 3267 eognoseemus.
666 3181 716 3248 Of.
739 3180 793 3246 III
817 3184 881 3248 532
907 3185 1069 3268 ποταμοὺς
1091 3180 1257 3248 κελαδεινὰ

189 3285 328 3372 ῥέοντας.
368 3288 403 3353 Π
419 3290 483 3355 323
507 3289 638 3374 στρηνὲς
662 3286 772 3375 βρέμει
793 3309 837 3355 so.
862 3288 956 3374 ὕδωρ.
993 3288 1046 3354 ΠΙ
1062 3289 1127 3354 805
1149 3289 1190 3352 τὰ
1211 3307 1255 3354 so.

187 3393 313 3478 δάκρυα
336 3394 443 3479 ἔρρεεν
466 3392 609 3481 ἀσταγές.
648 3393 698 3460 Ib.
723 3396 785 3459 etl
813 3395 978 3481 ὁμάδησαν
1002 3393 1167 3479 ἀπείριτον.
1206 3393 1255 3462 Ib.

189 3502 275 3566 1216
299 3501 438 3586 στράπτε
460 3500 639 3588 ἀπειρέσιον
662 3502 780 3568 δαίδων
803 3501 907 3580 σέλας.
944 3500 994 3567 IV
1012 3504 1074 3569 129
1099 3499 1198 3587 ῥοίζει
1213 3522 1256 3567 so.

188 3609 258 3692 ὄφις
272 3607 429 3693 πελώριον
451 3609 501 3677 Ib.
515 3613 578 3677 207
593 3609 729 3697 ίάχησαν
741 3608 909 3676 θεσπέσιον
920 3609 1109 3694 (θεσπεσίως
1125 3606 1256 3698 0637).

186 3714 221 3779 Π
238 3718 302 3781 784
319 3714 546 3804 πυγμαχέοντα
568 3716 724 3801 κρατερόν
740 3720 917 3802 (κρατερῶς
941 3717 1099 3805 έμάχοντο
1116 3714 1148 3780 Μ
1167 3717 1254 3799 152).

186 3820 236 3884 IV
248 3823 310 3887 621
336 3822 550 3910 περιβληχρὸν
570 3823 766 3910 βαρύθοντες
790 3823 868 3906 (,‚ad
889 3823 1081 3909 languorem
1096 3823 1253 3905 vexati“).

188 3926 237 3991 IV
265 3930 347 3993 1087
380 3930 501 4015 ἀσχετα
529 3928 712 4015 δηλήσαιτο.
759 3930 808 3996 Ib.
837 3932 921 3995 1738
948 3932 1084 4017 ἄσχετον
1117 3926 1256 4016 ἱμερθείς

1466 704 1485 755 ”

1480 1128 1486 1432 ί
