2975 4392
620 297 664 312 ..
713 260 756 327 64
791 270 844 310 ’.-

288 441 354 508 Sed
383 439 534 528 δέχεσθαι
562 441 708 525 verbum,
743 442 830 528 quod
860 443 895 508 in
917 443 998 530 Arg.
1031 441 1133 509 semel
1162 440 1267 507 1420

195 548 285 635 τήνδ’
305 547 391 635 ἡμίν,
423 546 592 636 Ἑκηβόλε,
627 546 699 626 δέξο
721 547 860 634 θυηλήν,
893 551 927 615 11
949 550 1047 618 Hom.
1072 547 1269 616 carminibus

198 657 325 744 saepius
348 655 457 721 dativo
487 656 632 721 iunctum
654 655 812 721 habemus
842 658 896 741 (cf.
921 656 951 722 A
974 661 1050 742 596,
1081 655 1109 721 Β
1136 658 1208 739 186,
1237 652 1268 718 Ν

200 767 274 848 710,
298 760 326 828 Ο
350 766 403 847 88,
427 761 453 826 P
478 765 554 847 207,
579 784 596 827 ο
621 765 696 847 282,
719 785 743 827 π
768 766 834 849 40),
863 786 928 830 161
951 786 1025 831 cum
1047 762 1267 831 Delbrueckio

200 876 243 959 (p.
261 873 317 954 56)
333 869 478 935 dativum
500 870 647 954 localem,
664 870 731 954 sed,
756 872 909 957 quemad
932 872 1063 937 modum
1077 871 1268 957 Kruegerus

200 978 286 1066 (Spr.
310 978 346 1042 II
370 979 423 1061 48,
447 978 479 1061 4,
507 979 548 1061 1),
571 976 768 1043 Kuehnerus
791 979 852 1063 (gr.
876 978 912 1042 Π
935 980 1024 1065 366),
1047 979 1163 1044 Monro
1186 978 1220 1063 (l.
1244 977 1266 1043 l.

198 1108 230 1172 p.
255 1084 311 1172 98)
334 1084 457 1169 volunt,
481 1104 600 1170 purum
622 1084 768 1170 recipere
791 1085 1051 1152 existimaverim.

288 1192 346 1258 De
374 1190 455 1258 dat.
484 1191 694 1277 temporis.
733 1192 903 1278 Temporis
925 1193 1070 1259 dativum
1091 1191 1268 1278 simplicem

200 1298 393 1387 Apollonius
407 1298 552 1363 Homero
569 1302 701 1364 auctore
720 1317 798 1364 usus
811 1300 913 1385 ponit,
936 1300 1066 1366 siccato
1083 1320 1120 1365 ac
1137 1299 1267 1364 definito

200 1406 353 1493 temporis
375 1405 512 1491 vestigio
537 1404 660 1491 aliquid
691 1405 763 1472 fieri
785 1412 843 1471 aut
865 1407 987 1472 lactum
1010 1428 1078 1473 esse
1102 1406 1268 1472 declarare

200 1514 279 1580 vult.
320 1511 361 1577 In
375 1512 462 1579 huno
477 1511 609 1576 modum
627 1511 691 1579 dat.
708 1518 806 1599 temp.
823 1534 897 1579 cum
920 1513 1087 1579 adiectivis
1101 1513 1154 1580 vel
1168 1512 1268 1601 parti·

202 1620 292 1706 oipiis
323 1619 513 1684 coniunctus
543 1619 724 1684 invenitur:
771 1618 821 1685 IV
848 1622 933 1687 1286
966 1619 1052 1707 μέσῳ
1083 1621 1182 1706 ἤματι
1214 1619 1267 1703 (61.

200 1728 310 1814 hymn.
333 1727 368 1790 in
396 1725 460 1812 Ap.
486 1728 573 1810 441),
606 1728 639 1793 ΙΙ
665 1729 727 1791 124
760 1727 858 1812 ἠμοιτι
888 1726 1036 1814 χειμερίῳ
1068 1725 1223 1812 (11279),
1251 1726 1270 1791 Ι

205 1836 290 1900 1358
312 1834 401 1901 νυκτὶ
422 1833 521 1921 πάση,
546 1831 582 1897 Π
608 1834 690 1899 1001
716 1838 749 1898 61
775 1836 856 1899 1231
882 1836 971 1900 νυκτὶ
995 1832 1197 1921 ἐπιπλομένῃ,
1220 1833 1270 1900 IV

203 1943 267 2008 979
283 1942 371 2007 νυκτὶ
388 1939 480 2028 ἰοὺοη
504 1940 557 2023 (61.
574 1939 591 2018 ξ
608 1941 673 2004 314
688 1942 778 2006 νυκτὶ
803 1940 956 2029 μελαίνῃ).
996 1941 1132 2028 Saepius
1154 1940 1271 2006 dativis

201 2048 393 2135 pronomina
407 2046 466 2111 vel
483 2046 663 2113 numeralia
685 2046 917 2133 adiunguntur,
940 2048 1030 2114 velut
1051 2047 1148 2113 1547
1172 2048 1270 2134 ἤματι

200 2154 293 2240 κείνῳ
316 2150 355 2237 (Β
380 2155 421 2218 37
447 2154 513 2237 61),
547 2153 597 2218 IV
621 2156 686 2220 328
710 2154 796 2239 αὐτῷ
820 2154 847 2220 δ’
870 2155 977 2241 ἤματι,
1007 2154 1061 2220 III
1084 2156 1149 2221 538
1173 2155 1270 2241 ἤματι

200 2262 275 2346 τῷδ’
298 2261 383 2345 αὐτῷ
407 2262 441 2345 (η
466 2261 554 2344 326),
578 2260 622 2326 ib.
647 2263 710 2325 499
735 2261 833 2347 ἤματι
856 2261 884 2325 δ’
908 2262 1004 2347 αὐτῷ,
1028 2263 1144 2328 11837
1169 2259 1268 2347 ἑτέρῳ

201 2390 245 2434 so.
274 2368 381 2454 ἤματι,
415 2367 432 2430 Ι
463 2369 528 2433 589
561 2367 696 2452 τριτάτῳ
728 2387 771 2434 66.
803 2368 901 2454 ῆμοιτι
933 2365 963 2451 (Ι
986 2370 1075 2452 363),
1108 2367 1157 2434 IV
1182 2370 1267 2433 1223

201 2477 299 2562 ἤματι
322 2474 349 2539 δ’
366 2473 529 2560 ἑβδομάτῳ
554 2474 609 2557 (cf.
624 2497 646 2539 κ
666 2477 758 2541 8161
778 2473 794 2553 ξ
810 2476 874 2540 252
899 2473 1060 2562 ἑβδομάτῳ
1080 2496 1122 2540 66.
1137 2472 1267 2561 ἡμέρᾳ),

200 2581 236 2647 ΙΙ
264 2583 328 2648 899
362 2579 550 2665 δυωδεκάτῳ
577 2580 675 2667 ἤματι
705 2581 885 2668 (δωδεκάτη
918 2602 961 2648 66.
992 2579 1102 2668 ἡμέρᾳ
1132 2579 1163 2645 Α
1192 2583 1267 2665 425,

202 2687 235 2754 Φ
251 2692 313 2773 463
336 2686 429 2752 δυωδ.
445 2685 478 2771 ἡ.
496 2684 524 2752 Ω
542 2690 616 2753 667.
656 2687 722 2754 Sed
745 2709 820 2753 eum
834 2709 958 2753 morem
973 2688 1102 2754 dicendi
1116 2688 1267 2754 Homeri·

202 2817 285 2881 cum,
301 2801 339 2860 ut
350 2794 458 2860 dativo
474 2794 636 2881 temporis,
654 2795 706 2860 cui
718 2796 850 2882 aliquod
865 2795 1062 2862 adiectivnm
1076 2795 1267 2880 adnectitur,

201 2905 243 2971 ad
258 2910 385 2989 tempus
399 2902 582 2968 accuratius
594 2902 812 2969 definiendum
828 2903 1031 2970 enuntiatum
1043 2903 1267 2970 secundarium

202 3034 244 3080 ex
267 3010 492 3077 coniunctione
509 3011 562 3074 ὅτε
585 3015 697 3096 aptum
716 3010 856 3076 addatur
880 3009 935 3098 (cf.
950 3008 983 3074 Μ
999 3014 1062 3077 279
1085 3012 1183 3097 ἤματι
1204 3031 1267 3097 χει-

203 3119 309 3208 μερίῳ,
334 3119 388 3183 ὅτε
410 3117 491 3200 κτλ,
515 3114 636 3201 Π385,
661 3114 693 3181 Φ
713 3119 758 3201 5),
782 3116 974 3204 Apollonius
996 3139 1061 3183 non
1084 3117 1266 3206 desumpsit.

201 3226 351 3293 Retinuit
372 3231 480 3291 autem
504 3246 578 3290 eum
600 3246 693 3291 usum
716 3226 747 3291 ΙΙ
775 3227 849 3310 792,
883 3231 920 3290 11
941 3225 1050 3292 dativo
1073 3230 1172 3313 temp.
1196 3247 1269 3292 cum

201 3334 391 3421 pronomina
413 3333 495 3417 τῷδε
518 3332 689 3398 coniuncto
712 3332 777 3398 tale
800 3333 1003 3399 enuntiatum
1025 3332 1144 3398 adiciat
1167 3331 1267 3420 (61.Β

203 3443 278 3525 351,
303 3442 377 3524 743,
400 3437 425 3503 Γ
451 3442 512 3506 189
536 3440 686 3527 saepius).
1268 3462 1269 3465 ¹

291 3544 457 3611 Audacius
485 3545 695 3633 Apollonius,
725 3551 762 3610 ut
799 3550 923 3611 certum
954 3551 1081 3633 tempus
1111 3545 1269 3632 designet,

204 3653 312 3718 dativo
335 3652 473 3718 nominis
494 3652 582 3719 sidus
605 3652 797 3736 denotantia,
822 3652 875 3718 cui
896 3652 1103 3738 participium
1125 3653 1269 3740 apponit,

202 3760 305 3826 utitur
327 3759 380 3824 III
403 3762 467 3825 225
498 3781 565 3846 seq.
589 3761 626 3824 τὸ
651 3760 772 3846 μὲν6ο.
805 3759 890 3845 ὕδωρ
921 3758 1107 3847 δυομένῃσιν
1132 3758 1270 3846 θέρμετο

203 3863 423 3951 Πληιάδεσσιν,
440 3865 603 3952 ἀμοιβηδὶς
621 3866 648 3930 δ’
665 3866 822 3942 ἀνιούσαις
845 3864 957 3950 κοίλης
973 3864 1122 3949 ἀνεκήκιε
1139 3866 1266 3951 πέτρης.

203 3970 358 4037 Eiusdem
380 3972 518 4036 nominis
539 3973 725 4058 genetivum
749 3971 863 4039 eadem
885 3972 919 4038 ui
941 3971 1104 4038 Hesiodus
1127 3994 1177 4060 op.
1203 3973 1267 4037 383

1470 3369 1481 3543 1

1474 4128 1478 4167 J
