2975 4392
609 640 700 722 Vita
731 642 977 745 scriptoris.

350 819 454 883 Natus
478 841 547 882 sum
571 819 709 884 Osoarus
732 819 949 884 Linsenbarth
972 820 1137 886 Vimariae
1161 844 1190 886 a.
1211 822 1242 886 d.
1266 822 1328 888 ΠΙ.

165 935 167 937 ’
260 926 345 992 Non.
369 925 544 992 Novembr.
569 947 597 991 a.
622 926 654 990 h.
678 949 701 992 s.
726 926 868 992 XLVII.
914 927 1031 993 Fidem
1053 928 1206 1014 profiteor
1231 951 1327 995 evan·

260 1033 406 1118 gelicam.
453 1032 628 1119 Postquam
656 1035 859 1120 gymnasium
886 1034 976 1098 urbis
997 1035 1123 1121 patriae
1150 1037 1331 1101 rectoribus

260 1139 435 1205 Heilandio
466 1145 498 1205 et
521 1141 677 1206 Rassorio
701 1141 913 1227 frequentavi,
946 1143 1002 1207 ubi
1025 1143 1182 1229 imprimis
1213 1144 1328 1210 deme

260 1247 367 1312 meriti
389 1252 463 1311 sunt
490 1246 582 1313 (lust.
607 1248 705 1331 Zeiss,
730 1248 808 1313 Otto
831 1248 949 1332 Heine,
973 1249 1072 1334 Hugo
1091 1250 1226 1334 Weber,
1250 1272 1328 1317 vere

259 1354 392 1419 ineunte
423 1376 451 1419 a.
480 1354 512 1421 h.
540 1377 563 1419 s.
595 1355 709 1419 LXVI
740 1356 935 1421 maturitatis
966 1357 1184 1422 testimonium
1216 1363 1330 1422 nactus

259 1461 501 1526 universitatem
532 1461 715 1537 litterarum
748 1463 919 1528 lenensem
952 1463 1034 1547 adii,
1066 1470 1102 1528 ut
1132 1464 1328 1551 philologiae

259 1589 392 1653 operam
407 1568 527 1634 darem.
557 1567 610 1633 Ibi
624 1590 676 1633 me
693 1569 873 1634 docuerunt
888 1569 950 1634 viri
966 1570 1132 1635 clarissimi
1148 1570 1326 1657 Goettling,

258 1669 463 1762 Nipperdey,
496 1675 601 1742 Maur.
636 1675 795 1759 Schmidt,
829 1674 1025 1761 Schleicher,
1060 1677 1152 1743 Ouno
1183 1679 1326 1763 Fischer,

258 1781 560 1848 AdolfusSchmidt.
578 1783 823 1868 Philologorum
836 1784 1006 1849 seminario
1018 1807 1078 1871 per
1088 1786 1152 1850 tria
1163 1786 1328 1851 semestria

257 1889 375 1954 sodalis
398 1889 579 1954 ordinarius
605 1890 747 1956 interfui.
795 1890 836 1956 A.
861 1890 892 1956 h.
917 1913 941 1957 s.
965 1891 1115 1956 LXVIII
1138 1893 1328 1979 Gottingam

258 1997 299 2061 ad
332 1996 438 2060 studia
473 2018 545 2061 mea
576 1997 786 2082 producenda
818 1998 955 2084 migrari
988 2005 1020 2064 et
1052 2000 1208 2086 imprimis
1242 2000 1328 2066 viros

259 2104 487 2167 illustrissimos
501 2103 679 2190 Sauppium
695 2110 727 2169 et
741 2104 827 2169 Guil.
844 2104 1039 2170 Muellerum
1055 2107 1174 2171 audivi.
1201 2106 1328 2172 Eodem

257 2216 403 2297 tempore
418 2210 579 2276 societatis
590 2211 806 2296 germanicae,
820 2233 916 2297 quam
927 2211 965 2278 G.
975 2211 1114 2279 Mueller
1128 2213 1326 2298 moderatur,

257 2317 375 2382 sodalis
390 2317 493 2382 factus
508 2339 588 2382 sum.
624 2318 781 2383 Omnibus
804 2319 884 2384 meis
899 2319 1059 2404 magistris
1075 2321 1195 2407 optime
1212 2321 1252 2385 de
1274 2343 1326 2386 me

257 2424 380 2490 meritis
411 2424 532 2510 gratias
566 2430 599 2489 et
631 2446 716 2490 nunc
750 2446 812 2510 ago
847 2431 880 2491 et
911 2447 1038 2512 semper
1072 2427 1200 2493 habebo
1230 2449 1327 2513 quam

257 2531 423 2597 maximas.
461 2531 636 2618 Postquam
660 2537 782 2598 aestate
807 2555 837 2599 a.
861 2532 1127 2600 MDOOOLXIX
1151 2534 1325 2619 Gottingae

257 2638 291 2702 in
321 2638 471 2703 examine
505 2639 635 2725 publico
666 2660 726 2725 pro
760 2639 914 2705 facultate
949 2641 1087 2706 docendi
1119 2641 1225 2706 studia
1253 2662 1327 2706 mea

256 2745 401 2830 probavi,
425 2745 459 2808 in
482 2744 695 2810 Borussorum
724 2746 894 2831 provincia
915 2747 1076 2812 Rhenana
1106 2747 1246 2834 primum
1267 2769 1327 2833 per

256 2852 356 2918 breve
388 2858 514 2938 tempus
538 2852 761 2936 Sobernhemi,
791 2854 826 2917 in
856 2853 937 2920 urbe
967 2855 1009 2919 ad
1031 2855 1158 2920 Navem
1191 2856 1325 2920 fluvium

257 2959 327 3042 sita,
362 2964 432 3023 tum
466 2958 645 3024 Oruoenaci
679 2959 713 3024 in
745 2961 913 3046 gymnasio
952 2963 1172 3047 praeceptoris
1204 2963 1326 3048 publici

257 3071 365 3152 partes
380 3066 442 3151 egi,
467 3088 548 3152 quas
563 3067 669 3131 adhuc
685 3088 803 3153 easque
828 3067 946 3132 abhinc
962 3074 1116 3154 quattuor
1138 3090 1240 3134 annos
1255 3090 1324 3156 sup.

258 3173 325 3238 ord.
342 3175 561 3260 praeceptoris
584 3196 656 3260 ago.
696 3175 798 3239 Foras
821 3196 840 3239 a
863 3197 915 3241 me
932 3175 1008 3239 data
1031 3181 1079 3241 est
1099 3177 1324 3242 commentatio

258 3281 428 3362 annalibus
459 3281 656 3346 scholasticis
690 3282 849 3368 gymnasii
884 3281 1135 3348 Orucenacensis
1170 3305 1198 3351 a.
1234 3283 1265 3348 h.
1299 3308 1323 3350 s.

256 3385 403 3452 LXXVI
417 3389 602 3474 praemissa,
616 3410 698 3475 quae
714 3389 918 3454 inscribitur:
943 3388 1011 3455 Der
1023 3390 1179 3455 romische
1192 3390 1323 3456 Kaisar·

256 3492 415 3579 biograph
438 3495 607 3580 Vopiscus.

616 3707 963 3764 *samen-—
