<?xml version="1.0" encoding="UTF-8"?>
<!DOCTYPE html PUBLIC "-//W3C//DTD XHTML 1.0 Transitional//EN"
    "http://www.w3.org/TR/xhtml1/DTD/xhtml1-transitional.dtd">
<html xmlns="http://www.w3.org/1999/xhtml" xml:lang="en" lang="en">
 <head>
  <title>
</title>
<meta http-equiv="Content-Type" content="text/html;charset=utf-8" />
  <meta name='ocr-system' content='tesseract 3.04.00' />
  <meta name='ocr-capabilities' content='ocr_page ocr_carea ocr_par ocr_line ocrx_word'/>
</head>
<body>
  <div class='ocr_page' id='page_1' title='image "./deapolloniirhod00apolgoog_0020.png"; bbox 0 0 2975 4392; ppageno 0'>
   <div class='ocr_carea' id='block_1_1' title="bbox 673 252 894 317">
    <p class='ocr_par' dir='ltr' id='par_1_1' title="bbox 673 252 894 317">
     <span class='ocr_line' id='line_1_1' title="bbox 673 252 894 317; baseline -0.009 -15"><span class='ocrx_word' id='word_1_1' title='bbox 673 252 894 317; x_wconf 66' lang='lat'>..16-</span> 
     </span>
    </p>
   </div>
   <div class='ocr_carea' id='block_1_2' title="bbox 244 428 1315 2658">
    <p class='ocr_par' dir='ltr' id='par_1_2' title="bbox 248 428 1315 734">
     <span class='ocr_line' id='line_1_2' title="bbox 248 428 1314 518; baseline 0.008 -26"><span class='ocrx_word' id='word_1_2' title='bbox 248 430 345 496; x_wconf 85' lang='lat' dir='ltr'>instit.</span> <span class='ocrx_word' id='word_1_3' title='bbox 369 428 443 516; x_wconf 82' lang='lat' dir='ltr'>Oyr.</span> <span class='ocrx_word' id='word_1_4' title='bbox 460 428 578 512; x_wconf 82' lang='lat' dir='ltr'>v14,o</span> <span class='ocrx_word' id='word_1_5' title='bbox 601 437 661 516; x_wconf 77' lang='grc' dir='ltr'>γῆν</span> <span class='ocrx_word' id='word_1_6' title='bbox 685 429 873 496; x_wconf 69' lang='grc' dir='ltr'>ἐπιέσασθαι</span> <span class='ocrx_word' id='word_1_7' title='bbox 897 431 1018 516; x_wconf 83' lang='grc' dir='ltr'>μᾶλλον</span> <span class='ocrx_word' id='word_1_8' title='bbox 1041 430 1063 515; x_wconf 74' lang='grc' dir='ltr'>ἢ</span> <span class='ocrx_word' id='word_1_9' title='bbox 1087 432 1146 515; x_wconf 77' lang='grc' dir='ltr'>ζῆν</span> <span class='ocrx_word' id='word_1_10' title='bbox 1169 432 1314 518; x_wconf 89' lang='lat' dir='ltr'>legimus.</span> 
     </span>
     <span class='ocr_line' id='line_1_3' title="bbox 248 536 1315 624; baseline 0.005 -24"><span class='ocrx_word' id='word_1_11' title='bbox 248 536 318 602; x_wconf 87' lang='lat' dir='ltr'>Neo</span> <span class='ocrx_word' id='word_1_12' title='bbox 348 536 453 600; x_wconf 89' lang='lat' dir='ltr'>minus</span> <span class='ocrx_word' id='word_1_13' title='bbox 484 536 659 602; x_wconf 75' lang='lat' dir='ltr'>insolenter</span> <span class='ocrx_word' id='word_1_14' title='bbox 689 537 804 602; x_wconf 90' lang='lat' dir='ltr'>eodem</span> <span class='ocrx_word' id='word_1_15' title='bbox 833 538 933 603; x_wconf 82' lang='lat' dir='ltr'>verbo</span> <span class='ocrx_word' id='word_1_16' title='bbox 964 537 1026 624; x_wconf 86' lang='lat' dir='ltr'>Ap.</span> <span class='ocrx_word' id='word_1_17' title='bbox 1050 537 1152 602; x_wconf 88' lang='lat' dir='ltr'>utitur</span> <span class='ocrx_word' id='word_1_18' title='bbox 1180 539 1197 605; x_wconf 95' lang='grc' dir='ltr'>Ι</span> <span class='ocrx_word' id='word_1_19' title='bbox 1230 541 1315 605; x_wconf 83' lang='grc'><strong>1326</strong></span> 
     </span>
     <span class='ocr_line' id='line_1_4' title="bbox 249 640 1313 734; baseline 0.006 -27"><span class='ocrx_word' id='word_1_20' title='bbox 249 652 336 729; x_wconf 83' lang='grc' dir='ltr'>κῦμα</span> <span class='ocrx_word' id='word_1_21' title='bbox 365 643 522 727; x_wconf 83' lang='grc' dir='ltr'>ἐφεσσατο</span> <span class='ocrx_word' id='word_1_22' title='bbox 553 665 595 710; x_wconf 88' lang='lat' dir='ltr'>so.</span> <span class='ocrx_word' id='word_1_23' title='bbox 621 640 766 721; x_wconf 82' lang='grc' dir='ltr'>Γλαῦκος</span> <span class='ocrx_word' id='word_1_24' title='bbox 796 643 884 728; x_wconf 81' lang='lat' dir='ltr'>(,Gl.</span> <span class='ocrx_word' id='word_1_25' title='bbox 916 666 950 710; x_wconf 89' lang='lat' dir='ltr'>se</span> <span class='ocrx_word' id='word_1_26' title='bbox 979 665 1083 731; x_wconf 88' lang='lat' dir='ltr'>aquae</span> <span class='ocrx_word' id='word_1_27' title='bbox 1112 644 1313 734; x_wconf 84' lang='lat' dir='ltr'>immersit“).</span> 
     </span>
    </p>

    <p class='ocr_par' dir='ltr' id='par_1_3' title="bbox 246 751 1314 1697">
     <span class='ocr_line' id='line_1_5' title="bbox 337 751 1314 837; baseline 0.003 -22"><span class='ocrx_word' id='word_1_28' title='bbox 337 751 484 816; x_wconf 81' lang='lat' dir='ltr'><strong>Verbum</strong></span> <span class='ocrx_word' id='word_1_29' title='bbox 503 759 656 837; x_wconf 84' lang='grc' dir='ltr'>καναχεῖν</span> <span class='ocrx_word' id='word_1_30' title='bbox 679 751 720 815; x_wconf 87' lang='lat' dir='ltr'>ab</span> <span class='ocrx_word' id='word_1_31' title='bbox 735 751 834 817; x_wconf 86' lang='lat' dir='ltr'>Hom.</span> <span class='ocrx_word' id='word_1_32' title='bbox 851 754 883 833; x_wconf 87' lang='grc' dir='ltr'>(τ</span> <span class='ocrx_word' id='word_1_33' title='bbox 899 753 976 833; x_wconf 91' lang='grc'><strong>469)</strong></span> <span class='ocrx_word' id='word_1_34' title='bbox 1000 751 1134 837; x_wconf 87' lang='lat' dir='ltr'>aliisque</span> <span class='ocrx_word' id='word_1_35' title='bbox 1157 752 1261 837; x_wconf 89' lang='lat' dir='ltr'>poetis</span> <span class='ocrx_word' id='word_1_36' title='bbox 1280 753 1314 818; x_wconf 91' lang='lat' dir='ltr'>in</span> 
     </span>
     <span class='ocr_line' id='line_1_6' title="bbox 248 857 1312 947; baseline 0.002 -23"><span class='ocrx_word' id='word_1_37' title='bbox 248 880 376 925; x_wconf 89' lang='lat' dir='ltr'>sensum</span> <span class='ocrx_word' id='word_1_38' title='bbox 405 857 643 923; x_wconf 80' lang='lat' dir='ltr'>intransitivum</span> <span class='ocrx_word' id='word_1_39' title='bbox 666 857 848 940; x_wconf 82' lang='lat' dir='ltr'>adhibetur,</span> <span class='ocrx_word' id='word_1_40' title='bbox 878 858 1034 923; x_wconf 80' lang='lat' dir='ltr'>audacius</span> <span class='ocrx_word' id='word_1_41' title='bbox 1056 863 1164 924; x_wconf 88' lang='lat' dir='ltr'>autem</span> <span class='ocrx_word' id='word_1_42' title='bbox 1186 859 1227 923; x_wconf 91' lang='lat' dir='ltr'>ab</span> <span class='ocrx_word' id='word_1_43' title='bbox 1250 858 1312 947; x_wconf 87' lang='lat' dir='ltr'>Ap.</span> 
     </span>
     <span class='ocr_line' id='line_1_7' title="bbox 247 960 1312 1051; baseline -0.002 -20"><span class='ocrx_word' id='word_1_44' title='bbox 247 968 280 1032; x_wconf 90' lang='lat' dir='ltr'>in</span> <span class='ocrx_word' id='word_1_45' title='bbox 303 965 506 1032; x_wconf 76' lang='lat' dir='ltr'>transitivum</span> <span class='ocrx_word' id='word_1_46' title='bbox 536 964 584 1032; x_wconf 81' lang='lat' dir='ltr'>lv</span> <span class='ocrx_word' id='word_1_47' title='bbox 608 966 671 1031; x_wconf 98' lang='grc'>907</span> <span class='ocrx_word' id='word_1_48' title='bbox 697 960 836 1049; x_wconf 82' lang='grc' dir='ltr'>Ὀρφεὺς</span> <span class='ocrx_word' id='word_1_49' title='bbox 866 963 960 1050; x_wconf 86' lang='grc' dir='ltr'>μέλος</span> <span class='ocrx_word' id='word_1_50' title='bbox 988 964 1171 1051; x_wconf 78' lang='grc' dir='ltr'>κανάχησεν</span> <span class='ocrx_word' id='word_1_51' title='bbox 1194 966 1312 1051; x_wconf 80' lang='grc' dir='ltr'>ἀοιδῆς.</span> 
     </span>
     <span class='ocr_line' id='line_1_8' title="bbox 247 1071 1313 1153; baseline -0.002 -13"><span class='ocrx_word' id='word_1_52' title='bbox 247 1076 329 1142; x_wconf 87' lang='lat' dir='ltr'>Item</span> <span class='ocrx_word' id='word_1_53' title='bbox 352 1073 498 1138; x_wconf 87' lang='lat' dir='ltr'>insolitus</span> <span class='ocrx_word' id='word_1_54' title='bbox 527 1094 603 1137; x_wconf 91' lang='lat' dir='ltr'>usus</span> <span class='ocrx_word' id='word_1_55' title='bbox 632 1071 818 1137; x_wconf 83' lang='lat' dir='ltr'>transitivus</span> <span class='ocrx_word' id='word_1_56' title='bbox 839 1072 932 1138; x_wconf 85' lang='lat' dir='ltr'>verbi</span> <span class='ocrx_word' id='word_1_57' title='bbox 954 1072 1082 1153; x_wconf 76' lang='grc' dir='ltr'>κλύζειν</span> <span class='ocrx_word' id='word_1_58' title='bbox 1112 1080 1160 1138; x_wconf 86' lang='lat' dir='ltr'>est</span> <span class='ocrx_word' id='word_1_59' title='bbox 1188 1074 1202 1139; x_wconf 93' lang='lat' dir='ltr'>l</span> <span class='ocrx_word' id='word_1_60' title='bbox 1228 1075 1313 1138; x_wconf 81' lang='lat'>1328</span> 
     </span>
     <span class='ocr_line' id='line_1_9' title="bbox 248 1179 1310 1267; baseline 0 -22"><span class='ocrx_word' id='word_1_61' title='bbox 248 1183 332 1267; x_wconf 80' lang='grc' dir='ltr'>ὕδωρ</span> <span class='ocrx_word' id='word_1_62' title='bbox 357 1181 472 1246; x_wconf 81' lang='grc' dir='ltr'>ἔκλυσε</span> <span class='ocrx_word' id='word_1_63' title='bbox 495 1189 566 1265; x_wconf 82' lang='grc' dir='ltr'>νῆα,</span> <span class='ocrx_word' id='word_1_64' title='bbox 596 1180 644 1246; x_wconf 93' lang='lat' dir='ltr'>IV</span> <span class='ocrx_word' id='word_1_65' title='bbox 668 1181 731 1245; x_wconf 87' lang='lat'>608</span> <span class='ocrx_word' id='word_1_66' title='bbox 756 1179 810 1266; x_wconf 85' lang='lat' dir='ltr'>(ef.</span> <span class='ocrx_word' id='word_1_67' title='bbox 834 1180 943 1267; x_wconf 83' lang='lat' dir='ltr'>hymn.</span> <span class='ocrx_word' id='word_1_68' title='bbox 967 1182 1001 1245; x_wconf 94' lang='lat' dir='ltr'>in</span> <span class='ocrx_word' id='word_1_69' title='bbox 1024 1181 1087 1267; x_wconf 88' lang='lat' dir='ltr'>Ap.</span> <span class='ocrx_word' id='word_1_70' title='bbox 1113 1184 1178 1265; x_wconf 87' lang='grc'><strong>75),</strong></span> <span class='ocrx_word' id='word_1_71' title='bbox 1210 1183 1310 1248; x_wconf 86' lang='grc'><strong>1521</strong></span> 
     </span>
     <span class='ocr_line' id='line_1_10' title="bbox 248 1286 1314 1372; baseline -0.001 -19"><span class='ocrx_word' id='word_1_72' title='bbox 248 1288 420 1369; x_wconf 80' lang='grc' dir='ltr'>ἐκλύζοντο</span> <span class='ocrx_word' id='word_1_73' title='bbox 444 1289 549 1372; x_wconf 81' lang='grc' dir='ltr'>ἄκραι.</span> <span class='ocrx_word' id='word_1_74' title='bbox 588 1286 653 1352; x_wconf 81' lang='lat' dir='ltr'>Sed</span> <span class='ocrx_word' id='word_1_75' title='bbox 676 1287 897 1353; x_wconf 86' lang='lat' dir='ltr'>intransitivus</span> <span class='ocrx_word' id='word_1_76' title='bbox 919 1289 1013 1355; x_wconf 82' lang='lat'>1541</span> <span class='ocrx_word' id='word_1_77' title='bbox 1040 1288 1136 1372; x_wconf 78' lang='grc' dir='ltr'>ρύθια</span> <span class='ocrx_word' id='word_1_78' title='bbox 1159 1288 1314 1370; x_wconf 79' lang='grc' dir='ltr'>κλύζοντο</span> 
     </span>
     <span class='ocr_line' id='line_1_11' title="bbox 246 1392 1313 1479; baseline -0.001 -18"><span class='ocrx_word' id='word_1_79' title='bbox 246 1396 441 1463; x_wconf 76' lang='lat' dir='ltr'>Homericae</span> <span class='ocrx_word' id='word_1_80' title='bbox 457 1393 591 1459; x_wconf 79' lang='lat' dir='ltr'>dictioni</span> <span class='ocrx_word' id='word_1_81' title='bbox 603 1393 790 1479; x_wconf 84' lang='lat' dir='ltr'>respondet3</span> <span class='ocrx_word' id='word_1_82' title='bbox 807 1395 847 1460; x_wconf 85' lang='lat' dir='ltr'>el.</span> <span class='ocrx_word' id='word_1_83' title='bbox 860 1392 885 1457; x_wconf 79' lang='grc' dir='ltr'><em>Ξ</em></span> <span class='ocrx_word' id='word_1_84' title='bbox 898 1396 977 1477; x_wconf 82' lang='grc'><strong>392;</strong></span> <span class='ocrx_word' id='word_1_85' title='bbox 995 1416 1004 1457; x_wconf 94' lang='grc' dir='ltr'>ι</span> <span class='ocrx_word' id='word_1_86' title='bbox 1020 1396 1095 1479; x_wconf 80' lang='grc'>484,</span> <span class='ocrx_word' id='word_1_87' title='bbox 1109 1397 1184 1461; x_wconf 87' lang='grc'><strong>541.</strong></span> <span class='ocrx_word' id='word_1_88' title='bbox 1204 1394 1313 1460; x_wconf 84' lang='lat' dir='ltr'>Etiam</span> 
     </span>
     <span class='ocr_line' id='line_1_12' title="bbox 246 1499 1311 1587; baseline 0 -20"><span class='ocrx_word' id='word_1_89' title='bbox 246 1501 466 1584; x_wconf 80' lang='grc' dir='ltr'>κατακλύζειν,</span> <span class='ocrx_word' id='word_1_90' title='bbox 483 1499 570 1587; x_wconf 89' lang='lat' dir='ltr'>quod</span> <span class='ocrx_word' id='word_1_91' title='bbox 582 1501 717 1566; x_wconf 84' lang='lat' dir='ltr'>verbum</span> <span class='ocrx_word' id='word_1_92' title='bbox 728 1500 873 1566; x_wconf 86' lang='lat' dir='ltr'>Homero</span> <span class='ocrx_word' id='word_1_93' title='bbox 889 1521 953 1564; x_wconf 92' lang='lat' dir='ltr'>non</span> <span class='ocrx_word' id='word_1_94' title='bbox 968 1500 1002 1565; x_wconf 92' lang='lat' dir='ltr'>in</span> <span class='ocrx_word' id='word_1_95' title='bbox 1014 1521 1075 1566; x_wconf 90' lang='lat' dir='ltr'>usu</span> <span class='ocrx_word' id='word_1_96' title='bbox 1090 1506 1147 1585; x_wconf 88' lang='lat' dir='ltr'>est,</span> <span class='ocrx_word' id='word_1_97' title='bbox 1164 1522 1230 1568; x_wconf 88' lang='lat' dir='ltr'>aee.</span> <span class='ocrx_word' id='word_1_98' title='bbox 1248 1503 1311 1568; x_wconf 90' lang='lat' dir='ltr'>obi.</span> 
     </span>
     <span class='ocr_line' id='line_1_13' title="bbox 247 1607 1311 1697; baseline 0 -24"><span class='ocrx_word' id='word_1_99' title='bbox 247 1610 361 1697; x_wconf 88' lang='lat' dir='ltr'>reeipit</span> <span class='ocrx_word' id='word_1_100' title='bbox 382 1609 432 1674; x_wconf 87' lang='lat' dir='ltr'>IV</span> <span class='ocrx_word' id='word_1_101' title='bbox 451 1610 535 1673; x_wconf 81' lang='grc'><strong>1283</strong></span> <span class='ocrx_word' id='word_1_102' title='bbox 559 1608 613 1692; x_wconf 86' lang='lat' dir='ltr'>(of.</span> <span class='ocrx_word' id='word_1_103' title='bbox 637 1607 730 1673; x_wconf 90' lang='lat' dir='ltr'>Pind.</span> <span class='ocrx_word' id='word_1_104' title='bbox 751 1607 801 1675; x_wconf 90' lang='lat' dir='ltr'>Ol.</span> <span class='ocrx_word' id='word_1_105' title='bbox 828 1610 922 1691; x_wconf 82' lang='grc'><strong>9,50;</strong></span> <span class='ocrx_word' id='word_1_106' title='bbox 946 1607 1062 1673; x_wconf 86' lang='lat' dir='ltr'>Aeseh.</span> <span class='ocrx_word' id='word_1_107' title='bbox 1087 1607 1176 1695; x_wconf 82' lang='lat' dir='ltr'>Sept.</span> <span class='ocrx_word' id='word_1_108' title='bbox 1203 1611 1311 1693; x_wconf 85' lang='grc'><strong>1077).</strong></span> 
     </span>
    </p>

    <p class='ocr_par' dir='ltr' id='par_1_4' title="bbox 244 1715 1311 2345">
     <span class='ocr_line' id='line_1_14' title="bbox 334 1715 1311 1802; baseline -0.002 -20"><span class='ocrx_word' id='word_1_109' title='bbox 334 1716 510 1802; x_wconf 90' lang='lat' dir='ltr'>Usurpatio</span> <span class='ocrx_word' id='word_1_110' title='bbox 533 1715 702 1779; x_wconf 85' lang='lat' dir='ltr'>transitiva</span> <span class='ocrx_word' id='word_1_111' title='bbox 717 1715 809 1781; x_wconf 84' lang='lat' dir='ltr'>verbi</span> <span class='ocrx_word' id='word_1_112' title='bbox 833 1717 907 1798; x_wconf 76' lang='lat' dir='ltr'>derv,</span> <span class='ocrx_word' id='word_1_113' title='bbox 931 1735 1013 1800; x_wconf 90' lang='lat' dir='ltr'>quae</span> <span class='ocrx_word' id='word_1_114' title='bbox 1031 1719 1136 1780; x_wconf 85' lang='lat' dir='ltr'>exstat</span> <span class='ocrx_word' id='word_1_115' title='bbox 1159 1717 1311 1782; x_wconf 87' lang='grc'><strong>1111115</strong></span> 
     </span>
     <span class='ocr_line' id='line_1_15' title="bbox 246 1821 1310 1910; baseline -0.001 -21"><span class='ocrx_word' id='word_1_116' title='bbox 246 1827 281 1889; x_wconf 89' lang='grc' dir='ltr'>ύε</span> <span class='ocrx_word' id='word_1_117' title='bbox 304 1825 338 1889; x_wconf 85' lang='grc' dir='ltr'>δὲ</span> <span class='ocrx_word' id='word_1_118' title='bbox 361 1846 404 1889; x_wconf 88' lang='lat' dir='ltr'>se.</span> <span class='ocrx_word' id='word_1_119' title='bbox 429 1822 547 1909; x_wconf 81' lang='grc' dir='ltr'>ὄμβρος</span> <span class='ocrx_word' id='word_1_120' title='bbox 577 1822 691 1889; x_wconf 84' lang='grc' dir='ltr'>πόντον</span> <span class='ocrx_word' id='word_1_121' title='bbox 718 1824 774 1886; x_wconf 87' lang='grc' dir='ltr'>καί</span> <span class='ocrx_word' id='word_1_122' title='bbox 796 1829 893 1907; x_wconf 79' lang='grc' dir='ltr'>νησον</span> <span class='ocrx_word' id='word_1_123' title='bbox 923 1823 976 1886; x_wconf 88' lang='grc' dir='ltr'>καί</span> <span class='ocrx_word' id='word_1_124' title='bbox 1005 1832 1109 1889; x_wconf 81' lang='grc' dir='ltr'>πᾶσαν</span> <span class='ocrx_word' id='word_1_125' title='bbox 1135 1821 1246 1910; x_wconf 82' lang='grc' dir='ltr'>χώρην</span> <span class='ocrx_word' id='word_1_126' title='bbox 1269 1823 1310 1888; x_wconf 90' lang='lat' dir='ltr'>ab</span> 
     </span>
     <span class='ocr_line' id='line_1_16' title="bbox 244 1926 1311 2015; baseline 0 -20"><span class='ocrx_word' id='word_1_127' title='bbox 244 1931 420 1997; x_wconf 87' lang='lat' dir='ltr'>Homerica</span> <span class='ocrx_word' id='word_1_128' title='bbox 441 1930 614 2011; x_wconf 87' lang='lat' dir='ltr'>locutione,</span> <span class='ocrx_word' id='word_1_129' title='bbox 645 1950 729 2015; x_wconf 90' lang='lat' dir='ltr'>quae</span> <span class='ocrx_word' id='word_1_130' title='bbox 755 1930 918 1994; x_wconf 85' lang='lat' dir='ltr'>invenitur</span> <span class='ocrx_word' id='word_1_131' title='bbox 941 1930 960 2009; x_wconf 81' lang='grc' dir='ltr'>ζ</span> <span class='ocrx_word' id='word_1_132' title='bbox 985 1930 1044 1994; x_wconf 89' lang='grc'>131</span> <span class='ocrx_word' id='word_1_133' title='bbox 1076 1926 1158 1994; x_wconf 86' lang='grc' dir='ltr'>λέων</span> <span class='ocrx_word' id='word_1_134' title='bbox 1181 1928 1311 2015; x_wconf 88' lang='grc' dir='ltr'>ύύμενος</span> 
     </span>
     <span class='ocr_line' id='line_1_17' title="bbox 245 2034 1309 2124; baseline -0.001 -22"><span class='ocrx_word' id='word_1_135' title='bbox 245 2039 298 2102; x_wconf 81' lang='grc' dir='ltr'>καί</span> <span class='ocrx_word' id='word_1_136' title='bbox 322 2035 458 2124; x_wconf 74' lang='grc' dir='ltr'>ἀήμενος</span> <span class='ocrx_word' id='word_1_137' title='bbox 482 2036 640 2122; x_wconf 82' lang='lat' dir='ltr'>originem</span> <span class='ocrx_word' id='word_1_138' title='bbox 664 2034 793 2101; x_wconf 82' lang='lat' dir='ltr'>duxisse</span> <span class='ocrx_word' id='word_1_139' title='bbox 816 2036 955 2120; x_wconf 88' lang='lat' dir='ltr'>videtur,</span> <span class='ocrx_word' id='word_1_140' title='bbox 986 2042 1042 2101; x_wconf 87' lang='lat' dir='ltr'>aut</span> <span class='ocrx_word' id='word_1_141' title='bbox 1065 2036 1105 2101; x_wconf 87' lang='lat' dir='ltr'>ab</span> <span class='ocrx_word' id='word_1_142' title='bbox 1130 2036 1309 2119; x_wconf 87' lang='lat' dir='ltr'>Herodoto,</span> 
     </span>
     <span class='ocr_line' id='line_1_18' title="bbox 246 2142 1311 2230; baseline 0.002 -22"><span class='ocrx_word' id='word_1_143' title='bbox 246 2145 301 2230; x_wconf 92' lang='lat' dir='ltr'>qui</span> <span class='ocrx_word' id='word_1_144' title='bbox 332 2166 398 2210; x_wconf 87' lang='lat' dir='ltr'>aee.</span> <span class='ocrx_word' id='word_1_145' title='bbox 431 2144 494 2210; x_wconf 91' lang='lat' dir='ltr'>obi.</span> <span class='ocrx_word' id='word_1_146' title='bbox 528 2144 604 2209; x_wconf 89' lang='lat' dir='ltr'>huie</span> <span class='ocrx_word' id='word_1_147' title='bbox 637 2143 734 2209; x_wconf 86' lang='lat' dir='ltr'>verbo</span> <span class='ocrx_word' id='word_1_148' title='bbox 767 2144 900 2230; x_wconf 85' lang='lat' dir='ltr'>apponit</span> <span class='ocrx_word' id='word_1_149' title='bbox 932 2142 980 2210; x_wconf 82' lang='lat' dir='ltr'>IV</span> <span class='ocrx_word' id='word_1_150' title='bbox 1007 2146 1066 2209; x_wconf 91' lang='grc'>151</span> <span class='ocrx_word' id='word_1_151' title='bbox 1101 2144 1162 2208; x_wconf 92' lang='grc' dir='ltr'>ούκ</span> <span class='ocrx_word' id='word_1_152' title='bbox 1191 2146 1226 2210; x_wconf 80' lang='lat' dir='ltr'>ds</span> <span class='ocrx_word' id='word_1_153' title='bbox 1252 2144 1311 2228; x_wconf 80' lang='grc' dir='ltr'>τὴν</span> 
     </span>
     <span class='ocr_line' id='line_1_19' title="bbox 246 2249 1058 2345; baseline 0 -28"><span class='ocrx_word' id='word_1_154' title='bbox 246 2249 358 2337; x_wconf 76' lang='grc' dir='ltr'>Θήρην</span> <span class='ocrx_word' id='word_1_155' title='bbox 381 2272 422 2318; x_wconf 87' lang='lat' dir='ltr'>se.</span> <span class='ocrx_word' id='word_1_156' title='bbox 442 2250 533 2345; x_wconf 63' lang='lat' dir='ltr'>deor.</span> <span class='ocrx_word' id='word_1_157' title='bbox 559 2251 607 2318; x_wconf 78' lang='lat' dir='ltr'>Of.</span> <span class='ocrx_word' id='word_1_158' title='bbox 633 2272 762 2337; x_wconf 91' lang='lat' dir='ltr'>quoque</span> <span class='ocrx_word' id='word_1_159' title='bbox 785 2250 864 2317; x_wconf 88' lang='lat' dir='ltr'>Hdt.</span> <span class='ocrx_word' id='word_1_160' title='bbox 890 2251 905 2317; x_wconf 93' lang='lat'>1</span> <span class='ocrx_word' id='word_1_161' title='bbox 931 2253 993 2315; x_wconf 83' lang='lat'>193</span> <span class='ocrx_word' id='word_1_162' title='bbox 1017 2251 1058 2317; x_wconf 90' lang='lat' dir='ltr'>al.</span> 
     </span>
    </p>

    <p class='ocr_par' dir='ltr' id='par_1_5' title="bbox 245 2357 1315 2658">
     <span class='ocr_line' id='line_1_20' title="bbox 334 2357 1312 2446; baseline -0.003 -21"><span class='ocrx_word' id='word_1_163' title='bbox 334 2360 372 2425; x_wconf 96' lang='lat' dir='ltr'>ln</span> <span class='ocrx_word' id='word_1_164' title='bbox 405 2357 528 2446; x_wconf 77' lang='grc' dir='ltr'>ἀνέχειν</span> <span class='ocrx_word' id='word_1_165' title='bbox 557 2359 658 2431; x_wconf 71' lang='lat' dir='ltr'>uerbo</span> <span class='ocrx_word' id='word_1_166' title='bbox 690 2358 875 2444; x_wconf 89' lang='lat' dir='ltr'>usurpando</span> <span class='ocrx_word' id='word_1_167' title='bbox 899 2357 962 2444; x_wconf 88' lang='lat' dir='ltr'>Ap.</span> <span class='ocrx_word' id='word_1_168' title='bbox 995 2358 1145 2423; x_wconf 88' lang='lat' dir='ltr'>universe</span> <span class='ocrx_word' id='word_1_169' title='bbox 1176 2357 1312 2424; x_wconf 90' lang='lat' dir='ltr'>Homeri</span> 
     </span>
     <span class='ocr_line' id='line_1_21' title="bbox 245 2456 1315 2548; baseline -0.001 -17"><span class='ocrx_word' id='word_1_170' title='bbox 245 2486 425 2531; x_wconf 86' lang='lat' dir='ltr'>sermonem</span> <span class='ocrx_word' id='word_1_171' title='bbox 454 2465 591 2548; x_wconf 72' lang='lat' dir='ltr'>retinet,</span> <span class='ocrx_word' id='word_1_172' title='bbox 624 2464 804 2547; x_wconf 72' lang='lat'>011673,</span> <span class='ocrx_word' id='word_1_173' title='bbox 837 2466 900 2528; x_wconf 89' lang='grc'>876</span> <span class='ocrx_word' id='word_1_174' title='bbox 925 2464 985 2546; x_wconf 87' lang='lat' dir='ltr'>al.;</span> <span class='ocrx_word' id='word_1_175' title='bbox 1018 2461 1045 2526; x_wconf 88' lang='grc' dir='ltr'>Ε</span> <span class='ocrx_word' id='word_1_176' title='bbox 1073 2466 1136 2528; x_wconf 87' lang='grc'><strong>174</strong></span> <span class='ocrx_word' id='word_1_177' title='bbox 1158 2465 1199 2529; x_wconf 92' lang='lat' dir='ltr'>al.</span> <span class='ocrx_word' id='word_1_178' title='bbox 1247 2456 1315 2530; x_wconf 83' lang='lat' dir='ltr'>Sed</span> 
     </span>
     <span class='ocr_line' id='line_1_22' title="bbox 245 2568 1312 2658; baseline 0 -21"><span class='ocrx_word' id='word_1_179' title='bbox 245 2572 380 2638; x_wconf 82' lang='lat' dir='ltr'>dissedit</span> <span class='ocrx_word' id='word_1_180' title='bbox 410 2573 450 2637; x_wconf 93' lang='lat' dir='ltr'>ab</span> <span class='ocrx_word' id='word_1_181' title='bbox 481 2593 520 2637; x_wconf 89' lang='lat' dir='ltr'>eo</span> <span class='ocrx_word' id='word_1_182' title='bbox 549 2573 598 2638; x_wconf 91' lang='lat' dir='ltr'>Ill</span> <span class='ocrx_word' id='word_1_183' title='bbox 633 2573 691 2636; x_wconf 94' lang='grc'>161</span> <span class='ocrx_word' id='word_1_184' title='bbox 718 2572 791 2636; x_wconf 86' lang='grc' dir='ltr'>δοιὼ</span> <span class='ocrx_word' id='word_1_185' title='bbox 820 2572 855 2636; x_wconf 85' lang='grc' dir='ltr'>δὲ</span> <span class='ocrx_word' id='word_1_186' title='bbox 884 2568 978 2636; x_wconf 79' lang='grc' dir='ltr'>πόλοι</span> <span class='ocrx_word' id='word_1_187' title='bbox 1009 2570 1157 2657; x_wconf 87' lang='grc' dir='ltr'>ἀνέχούσι</span> <span class='ocrx_word' id='word_1_188' title='bbox 1186 2572 1312 2658; x_wconf 82' lang='grc' dir='ltr'>κάρηνα</span> 
     </span>
    </p>
   </div>
   <div class='ocr_carea' id='block_1_3' title="bbox 245 2678 1437 3087">
    <p class='ocr_par' dir='ltr' id='par_1_6' title="bbox 245 2678 1437 3087">
     <span class='ocr_line' id='line_1_23' title="bbox 245 2678 1437 2765; baseline -0.002 -21"><span class='ocrx_word' id='word_1_189' title='bbox 245 2679 364 2765; x_wconf 87' lang='grc' dir='ltr'>ούρέιον</span> <span class='ocrx_word' id='word_1_190' title='bbox 387 2678 554 2765; x_wconf 79' lang='grc' dir='ltr'>ἠλιβάτων,</span> <span class='ocrx_word' id='word_1_191' title='bbox 580 2679 637 2743; x_wconf 91' lang='lat' dir='ltr'>ubi</span> <span class='ocrx_word' id='word_1_192' title='bbox 659 2699 750 2744; x_wconf 89' lang='lat' dir='ltr'>more</span> <span class='ocrx_word' id='word_1_193' title='bbox 772 2679 900 2743; x_wconf 88' lang='lat' dir='ltr'>insolito</span> <span class='ocrx_word' id='word_1_194' title='bbox 923 2679 985 2743; x_wconf 87' lang='lat' dir='ltr'>hoe</span> <span class='ocrx_word' id='word_1_195' title='bbox 1007 2679 1107 2744; x_wconf 82' lang='lat' dir='ltr'>verbo</span> <span class='ocrx_word' id='word_1_196' title='bbox 1130 2681 1177 2744; x_wconf 94' lang='lat' dir='ltr'>ita</span> <span class='ocrx_word' id='word_1_197' title='bbox 1199 2680 1309 2762; x_wconf 89' lang='lat' dir='ltr'>utitur,</span> <span class='ocrx_word' id='word_1_198' title='bbox 1435 2690 1437 2751; x_wconf 73' lang='grc'><strong>5</strong></span> 
     </span>
     <span class='ocr_line' id='line_1_24' title="bbox 245 2784 1433 2877; baseline 0 -26"><span class='ocrx_word' id='word_1_199' title='bbox 245 2794 281 2851; x_wconf 88' lang='lat' dir='ltr'>ut</span> <span class='ocrx_word' id='word_1_200' title='bbox 312 2787 469 2873; x_wconf 83' lang='lat' dir='ltr'>significet</span> <span class='ocrx_word' id='word_1_201' title='bbox 506 2787 681 2868; x_wconf 83' lang='lat' dir='ltr'>,sustinere</span> <span class='ocrx_word' id='word_1_202' title='bbox 713 2785 865 2872; x_wconf 83' lang='lat' dir='ltr'>aliquid“.</span> <span class='ocrx_word' id='word_1_203' title='bbox 921 2785 1036 2872; x_wconf 87' lang='lat' dir='ltr'>Neque</span> <span class='ocrx_word' id='word_1_204' title='bbox 1069 2784 1234 2873; x_wconf 77' lang='grc' dir='ltr'>ὑπερέχειν</span> <span class='ocrx_word' id='word_1_205' title='bbox 1266 2787 1311 2851; x_wconf 85' lang='lat' dir='ltr'>ita</span> <span class='ocrx_word' id='word_1_206' title='bbox 1432 2872 1433 2877; x_wconf 8' lang='grc' dir='ltr'>ἵ</span> 
     </span>
     <span class='ocr_line' id='line_1_25' title="bbox 246 2891 1432 2980; baseline -0.003 -21"><span class='ocrx_word' id='word_1_207' title='bbox 246 2895 387 2959; x_wconf 88' lang='lat' dir='ltr'>eonstrui</span> <span class='ocrx_word' id='word_1_208' title='bbox 419 2893 460 2959; x_wconf 89' lang='lat' dir='ltr'>ab</span> <span class='ocrx_word' id='word_1_209' title='bbox 484 2893 545 2980; x_wconf 82' lang='lat' dir='ltr'>Ap.</span> <span class='ocrx_word' id='word_1_210' title='bbox 580 2900 616 2957; x_wconf 91' lang='lat' dir='ltr'>ut</span> <span class='ocrx_word' id='word_1_211' title='bbox 648 2893 689 2957; x_wconf 90' lang='lat' dir='ltr'>ab</span> <span class='ocrx_word' id='word_1_212' title='bbox 720 2891 865 2959; x_wconf 90' lang='lat' dir='ltr'>Homero</span> <span class='ocrx_word' id='word_1_213' title='bbox 895 2894 1074 2979; x_wconf 85' lang='lat' dir='ltr'>intelleges,</span> <span class='ocrx_word' id='word_1_214' title='bbox 1108 2893 1133 2958; x_wconf 88' lang='lat' dir='ltr'>si</span> <span class='ocrx_word' id='word_1_215' title='bbox 1166 2894 1310 2959; x_wconf 78' lang='lat' dir='ltr'>conferes</span> <span class='ocrx_word' id='word_1_216' title='bbox 1430 2894 1432 2917; x_wconf 77' lang='lat'><em>³</em></span> 
     </span>
     <span class='ocr_line' id='line_1_26' title="bbox 245 2998 1428 3087; baseline 0.001 -23"><span class='ocrx_word' id='word_1_217' title='bbox 245 2999 361 3066; x_wconf 90' lang='grc' dir='ltr'><strong>Λ735</strong></span> <span class='ocrx_word' id='word_1_218' title='bbox 394 2999 501 3085; x_wconf 80' lang='grc' dir='ltr'>ἠέλιος</span> <span class='ocrx_word' id='word_1_219' title='bbox 532 2998 730 3087; x_wconf 74' lang='grc' dir='ltr'>ὑπερέσχεθε</span> <span class='ocrx_word' id='word_1_220' title='bbox 753 2999 845 3087; x_wconf 83' lang='grc' dir='ltr'>γαίης</span> <span class='ocrx_word' id='word_1_221' title='bbox 876 3021 950 3065; x_wconf 87' lang='lat' dir='ltr'>oum</span> <span class='ocrx_word' id='word_1_222' title='bbox 977 3003 991 3068; x_wconf 91' lang='grc' dir='ltr'>Ι</span> <span class='ocrx_word' id='word_1_223' title='bbox 1019 3002 1103 3066; x_wconf 83' lang='grc'><strong>1273</strong></span> <span class='ocrx_word' id='word_1_224' title='bbox 1135 3002 1309 3087; x_wconf 83' lang='grc' dir='ltr'>ἀκροτάτας</span> <span class='ocrx_word' id='word_1_225' title='bbox 1427 3054 1428 3059; x_wconf 61' lang='grc'>,</span> 
     </span>
    </p>
   </div>
   <div class='ocr_carea' id='block_1_4' title="bbox 246 3107 1307 3301">
    <p class='ocr_par' dir='ltr' id='par_1_7' title="bbox 246 3107 1307 3301">
     <span class='ocr_line' id='line_1_27' title="bbox 246 3107 840 3195; baseline 0 -24"><span class='ocrx_word' id='word_1_226' title='bbox 246 3107 460 3195; x_wconf 73' lang='grc' dir='ltr'>ὑπερέσχεθεν</span> <span class='ocrx_word' id='word_1_227' title='bbox 484 3110 595 3193; x_wconf 82' lang='grc' dir='ltr'>ἄκριας</span> <span class='ocrx_word' id='word_1_228' title='bbox 619 3108 721 3192; x_wconf 80' lang='grc' dir='ltr'>ἀστὴρ</span> <span class='ocrx_word' id='word_1_229' title='bbox 745 3107 840 3192; x_wconf 76' lang='grc' dir='ltr'>ἠῷος.</span> 
     </span>
     <span class='ocr_line' id='line_1_28' title="bbox 335 3214 1307 3301; baseline -0.001 -21"><span class='ocrx_word' id='word_1_230' title='bbox 335 3216 471 3281; x_wconf 87' lang='lat' dir='ltr'>Praeter</span> <span class='ocrx_word' id='word_1_231' title='bbox 490 3237 582 3280; x_wconf 91' lang='lat' dir='ltr'>nsum</span> <span class='ocrx_word' id='word_1_232' title='bbox 598 3215 802 3279; x_wconf 78' lang='lat' dir='ltr'>transitivum</span> <span class='ocrx_word' id='word_1_233' title='bbox 817 3215 909 3280; x_wconf 84' lang='lat' dir='ltr'>verbi</span> <span class='ocrx_word' id='word_1_234' title='bbox 924 3214 1040 3296; x_wconf 82' lang='grc' dir='ltr'>τείνειν,</span> <span class='ocrx_word' id='word_1_235' title='bbox 1065 3216 1121 3301; x_wconf 92' lang='lat' dir='ltr'>qui</span> <span class='ocrx_word' id='word_1_236' title='bbox 1136 3215 1307 3281; x_wconf 84' lang='lat' dir='ltr'>Homerico</span> 
     </span>
    </p>
   </div>
   <div class='ocr_carea' id='block_1_5' title="bbox 245 3320 1419 3411">
    <p class='ocr_par' dir='ltr' id='par_1_8' title="bbox 245 3320 1419 3411">
     <span class='ocr_line' id='line_1_29' title="bbox 245 3320 1419 3411; baseline 0.002 -25"><span class='ocrx_word' id='word_1_237' title='bbox 245 3323 418 3409; x_wconf 88' lang='lat' dir='ltr'>respondet</span> <span class='ocrx_word' id='word_1_238' title='bbox 441 3323 494 3404; x_wconf 85' lang='lat' dir='ltr'>(of.</span> <span class='ocrx_word' id='word_1_239' title='bbox 512 3322 560 3389; x_wconf 88' lang='lat' dir='ltr'>IV</span> <span class='ocrx_word' id='word_1_240' title='bbox 579 3325 639 3387; x_wconf 89' lang='grc'><strong>107</strong></span> <span class='ocrx_word' id='word_1_241' title='bbox 666 3328 699 3386; x_wconf 87' lang='lat' dir='ltr'>et</span> <span class='ocrx_word' id='word_1_242' title='bbox 718 3325 824 3405; x_wconf 81' lang='lat'>10493</span> <span class='ocrx_word' id='word_1_243' title='bbox 848 3320 957 3389; x_wconf 76' lang='lat'>11262</span> <span class='ocrx_word' id='word_1_244' title='bbox 974 3322 1040 3404; x_wconf 89' lang='lat' dir='ltr'>al),</span> <span class='ocrx_word' id='word_1_245' title='bbox 1064 3322 1097 3386; x_wconf 92' lang='lat' dir='ltr'>in</span> <span class='ocrx_word' id='word_1_246' title='bbox 1113 3320 1193 3408; x_wconf 85' lang='lat' dir='ltr'>Arg.</span> <span class='ocrx_word' id='word_1_247' title='bbox 1214 3323 1307 3388; x_wconf 84' lang='lat' dir='ltr'>etiem</span> <span class='ocrx_word' id='word_1_248' title='bbox 1418 3406 1419 3411; x_wconf 7' lang='grc' dir='ltr'>ρ</span> 
     </span>
    </p>
   </div>
   <div class='ocr_carea' id='block_1_6' title="bbox 244 3428 1307 4047">
    <p class='ocr_par' dir='ltr' id='par_1_9' title="bbox 244 3428 1307 3835">
     <span class='ocr_line' id='line_1_30' title="bbox 244 3428 1307 3512; baseline 0 -20"><span class='ocrx_word' id='word_1_249' title='bbox 244 3428 464 3494; x_wconf 86' lang='lat' dir='ltr'>intransitivus</span> <span class='ocrx_word' id='word_1_250' title='bbox 497 3428 538 3494; x_wconf 91' lang='lat' dir='ltr'>ad</span> <span class='ocrx_word' id='word_1_251' title='bbox 570 3430 714 3494; x_wconf 77' lang='lat' dir='ltr'>locorum</span> <span class='ocrx_word' id='word_1_252' title='bbox 747 3430 843 3493; x_wconf 91' lang='lat' dir='ltr'>situm</span> <span class='ocrx_word' id='word_1_253' title='bbox 876 3428 1095 3493; x_wconf 88' lang='lat' dir='ltr'>denotandum</span> <span class='ocrx_word' id='word_1_254' title='bbox 1127 3435 1243 3512; x_wconf 85' lang='lat' dir='ltr'>exstat,</span> <span class='ocrx_word' id='word_1_255' title='bbox 1274 3438 1307 3493; x_wconf 87' lang='lat' dir='ltr'>nt</span> 
     </span>
     <span class='ocr_line' id='line_1_31' title="bbox 245 3534 1302 3622; baseline -0.001 -21"><span class='ocrx_word' id='word_1_256' title='bbox 245 3536 358 3603; x_wconf 85' lang='grc'><strong>17354</strong></span> <span class='ocrx_word' id='word_1_257' title='bbox 381 3537 465 3619; x_wconf 84' lang='grc' dir='ltr'>ἄκρη</span> <span class='ocrx_word' id='word_1_258' title='bbox 485 3535 629 3622; x_wconf 80' lang='grc' dir='ltr'>προβλης</span> <span class='ocrx_word' id='word_1_259' title='bbox 646 3534 856 3621; x_wconf 83' lang='grc' dir='ltr'>Ἀχερουσιὰς</span> <span class='ocrx_word' id='word_1_260' title='bbox 880 3534 978 3620; x_wconf 67' lang='lat' dir='ltr'>totas</span> <span class='ocrx_word' id='word_1_261' title='bbox 997 3534 1088 3600; x_wconf 81' lang='grc' dir='ltr'>τείνει</span> <span class='ocrx_word' id='word_1_262' title='bbox 1112 3542 1146 3600; x_wconf 87' lang='lat' dir='ltr'>et</span> <span class='ocrx_word' id='word_1_263' title='bbox 1162 3536 1208 3601; x_wconf 89' lang='lat' dir='ltr'>IV</span> <span class='ocrx_word' id='word_1_264' title='bbox 1226 3539 1302 3602; x_wconf 91' lang='grc'><strong>1581</strong></span> 
     </span>
     <span class='ocr_line' id='line_1_32' title="bbox 246 3641 1304 3730; baseline 0.004 -25"><span class='ocrx_word' id='word_1_265' title='bbox 246 3642 309 3705; x_wconf 82' lang='grc' dir='ltr'>ἔστ’</span> <span class='ocrx_word' id='word_1_266' title='bbox 334 3644 372 3707; x_wconf 83' lang='grc' dir='ltr'>ἀν</span> <span class='ocrx_word' id='word_1_267' title='bbox 405 3643 469 3706; x_wconf 83' lang='grc' dir='ltr'>ἀνω</span> <span class='ocrx_word' id='word_1_268' title='bbox 498 3641 615 3730; x_wconf 87' lang='grc' dir='ltr'>τείνησι</span> <span class='ocrx_word' id='word_1_269' title='bbox 647 3664 688 3707; x_wconf 90' lang='lat' dir='ltr'>se.</span> <span class='ocrx_word' id='word_1_270' title='bbox 722 3641 838 3728; x_wconf 88' lang='grc' dir='ltr'>χερσύς</span> <span class='ocrx_word' id='word_1_271' title='bbox 869 3642 961 3723; x_wconf 85' lang='lat' dir='ltr'>(Hdt.</span> <span class='ocrx_word' id='word_1_272' title='bbox 987 3643 1019 3709; x_wconf 94' lang='lat'>11</span> <span class='ocrx_word' id='word_1_273' title='bbox 1053 3646 1072 3707; x_wconf 92' lang='grc'><strong>6</strong></span> <span class='ocrx_word' id='word_1_274' title='bbox 1100 3642 1161 3727; x_wconf 85' lang='lat' dir='ltr'>al.;</span> <span class='ocrx_word' id='word_1_275' title='bbox 1194 3643 1304 3709; x_wconf 63' lang='lat' dir='ltr'>Aesehss</span> 
     </span>
     <span class='ocr_line' id='line_1_33' title="bbox 247 3746 1018 3835; baseline 0.004 -25"><span class='ocrx_word' id='word_1_276' title='bbox 247 3746 357 3833; x_wconf 83' lang='lat' dir='ltr'>Suppl.</span> <span class='ocrx_word' id='word_1_277' title='bbox 383 3750 435 3829; x_wconf 89' lang='grc'>93,</span> <span class='ocrx_word' id='word_1_278' title='bbox 460 3747 548 3835; x_wconf 81' lang='lat' dir='ltr'>Sept.</span> <span class='ocrx_word' id='word_1_279' title='bbox 575 3752 658 3831; x_wconf 77' lang='lat'>7633</span> <span class='ocrx_word' id='word_1_280' title='bbox 682 3747 762 3813; x_wconf 81' lang='lat' dir='ltr'>Eur.</span> <span class='ocrx_word' id='word_1_281' title='bbox 787 3748 904 3816; x_wconf 88' lang='lat' dir='ltr'>Baeoh.</span> <span class='ocrx_word' id='word_1_282' title='bbox 930 3752 1018 3833; x_wconf 88' lang='grc'><strong>436).</strong></span> 
     </span>
    </p>

    <p class='ocr_par' dir='ltr' id='par_1_10' title="bbox 245 3848 1302 4047">
     <span class='ocr_line' id='line_1_34' title="bbox 333 3848 1302 3941; baseline 0.003 -24"><span class='ocrx_word' id='word_1_283' title='bbox 333 3852 361 3917; x_wconf 78' lang='lat' dir='ltr'>H</span> <span class='ocrx_word' id='word_1_284' title='bbox 394 3855 501 3919; x_wconf 88' lang='lat' dir='ltr'>verbis</span> <span class='ocrx_word' id='word_1_285' title='bbox 532 3855 648 3920; x_wconf 91' lang='lat' dir='ltr'>urendi</span> <span class='ocrx_word' id='word_1_286' title='bbox 680 3855 811 3920; x_wconf 90' lang='lat' dir='ltr'>notione</span> <span class='ocrx_word' id='word_1_287' title='bbox 845 3855 999 3941; x_wconf 85' lang='lat' dir='ltr'>praeditis</span> <span class='ocrx_word' id='word_1_288' title='bbox 1031 3854 1127 3922; x_wconf 84' lang='grc' dir='ltr'>δαίειν</span> <span class='ocrx_word' id='word_1_289' title='bbox 1160 3848 1302 3920; x_wconf 81' lang='lat' dir='ltr'>inusitate</span> 
     </span>
     <span class='ocr_line' id='line_1_35' title="bbox 245 3958 1301 4047; baseline 0.003 -27"><span class='ocrx_word' id='word_1_290' title='bbox 245 3958 510 4043; x_wconf 76' lang='lat' dir='ltr'>significationem</span> <span class='ocrx_word' id='word_1_291' title='bbox 532 3962 719 4026; x_wconf 86' lang='lat' dir='ltr'>translatam</span> <span class='ocrx_word' id='word_1_292' title='bbox 742 3962 878 4047; x_wconf 91' lang='lat' dir='ltr'>praebet</span> <span class='ocrx_word' id='word_1_293' title='bbox 899 3962 946 4028; x_wconf 89' lang='lat' dir='ltr'>lV</span> <span class='ocrx_word' id='word_1_294' title='bbox 966 3964 1048 4028; x_wconf 88' lang='grc'><strong>1147</strong></span> <span class='ocrx_word' id='word_1_295' title='bbox 1073 3964 1142 4028; x_wconf 84' lang='grc' dir='ltr'>δαῖε</span> <span class='ocrx_word' id='word_1_296' title='bbox 1164 3984 1206 4028; x_wconf 89' lang='lat' dir='ltr'>so.</span> <span class='ocrx_word' id='word_1_297' title='bbox 1223 3968 1301 4034; x_wconf 78' lang='grc' dir='ltr'>κῶας</span> 
     </span>
    </p>
   </div>
   <div class='ocr_carea' id='block_1_7' title="bbox 0 0 1492 4392">
    <p class='ocr_par' dir='ltr' id='par_1_11' title="bbox 0 0 1492 4392">
     <span class='ocr_line' id='line_1_36' title="bbox 0 0 1492 4392; baseline 0 1"><span class='ocrx_word' id='word_1_298' title='bbox 0 0 1492 4392; x_wconf 95' lang='lat' dir='ltr'> </span> 
     </span>
    </p>
   </div>
  </div>
 </body>
</html>
